2528 4522
136 268 171 331 ,ζ
223 322 226 327 .
303 259 572 335 Decretum&
593 263 859 383 reformatione.
935 266 944 309 ·’
1022 267 1095 351 166

87 452 184 528 prout
206 441 325 508 viderit
344 443 517 530 expedire,
538 446 655 534 quibus
675 448 811 536 quisque
835 444 915 511 ordo
936 467 979 510 ex
998 445 1095 517 sacris

85 549 232 592 annexus
253 531 288 593 in
311 528 467 614 potiorum
483 529 549 594 else
568 532 698 598 debeat:
727 536 772 596 ita
796 545 917 611 tameo,
929 544 974 607 ,ut
994 532 1095 597 dimi·

84 615 137 675 dia
159 615 272 696 saltem
303 636 376 701 pars
403 618 583 700 presbyteri
603 621 681 696 lint3
714 620 814 683 ceteri
846 638 927 682 vero
955 617 1095 696 diaconi,

83 709 138 760 aut
160 700 366 763 subdiaconi:
390 702 444 763 ubi
465 721 541 765 vero
559 703 752 768 consuetudo
775 702 967 766 laudabilior
990 703 1095 781 habet,

83 794 119 845 ot
140 787 268 869 piures,
304 788 358 847 vel
389 808 500 848 ornnes
522 789 581 852 sint
602 791 799 875 presbyteri,
831 789 966 853 omuino
985 790 1097 851 obser-

82 879 190 934 vetur.
240 870 396 934 Hortatur
417 875 511 936 etiarn
532 876 633 938 sancta
656 875 812 955 synodus,
843 887 879 937 ut
898 874 934 936 in
957 874 1096 960 provin·

81 955 160 1030 ciis,
191 956 247 1017 ubi
275 955 315 1017 id·
339 958 507 1021 commode
531 961 604 1024 sieri
625 960 741 1046 potest,
777 961 952 1042 dignitatus
973 977 1097 1036 ornnes,
1131 1032 1134 1036 ¹
1210 958 1214 967 ’

82 1051 117 1103 et
136 1042 250 1104 saltent
274 1041 408 1105 dimidia
444 1065 516 1129 pars
544 1048 808 1123 canonicatuum,
841 1047 877 1108 in
903 1044 1098 1107 cathedrali-

81 1127 143 1189 bus
159 1127 309 1204 ecclesiis,
332 1139 363 1192 et
375 1130 558 1210 collegiatis
575 1130 750 1211 insignibus
769 1125 952 1194 conseratur
968 1125 1097 1209 2⁵)tan-

80 1223 150 1275 tum
175 1213 347 1293 roagibris,
371 1216 422 1276 vel
444 1215 645 1295 doctoribus,
678 1228 732 1278 aut
752 1217 849 1279 etiam
869 1214 1044 1278 licentiatis
1060 1214 1098 1277 in

80 1298 285 1378 theologia,¹
303 1299 355 1362 vel
379 1301 456 1382 jura*
475 1302 642 1364 canonico.
692 1300 857 1364 Praeterea
879 1300 1098 1363 obtinentibus

81 1382 119 1445 in
140 1383 264 1447 eisdem
285 1385 612 1463 cathedralibus„aut
630 1386 812 1467 collegiatis
833 1386 1024 1465 dignitates,
1044 1404 1098 1453 ca,-

83 1468 275 1544 nonicalus,
308 1471 524 1552 praebendas,
554 1482 608 1549 aut
637 1474 828 1557 portiones,
860 1472 967 1549 b)non
1002 1472 1098 1533 liceat

84 1553 200 1633 vigore
218 1555 388 1636 cujustibet
408 1556 530 1632 statuti,
558 1568 612 1620 aut
631 1554 886 1634 consuetudinis,
917 1555 1000 1618 ultra
1032 1565 1098 1617 tres

83 1643 229 1711 menses,
247 1643 286 1701 ab
307 1639 428 1705 eisdem
448 1642 585 1705 ecclesiis
607 1643 752 1728 quolibet
774 1663 859 1704 anno
881 1639 1003 1704 abasse:
1031 1640 1098 1704 sal·

46 1774 53 1782 .
83 1725 138 1789 xis
175 1726 394 1789 nibilominus
434 1749 542 1790 earum
579 1728 777 1791 ecclesiarum
811 1724 1098 1801 constitutionibus,

85 1828 166 1895 quae
186 1811 317 1890 longius
334 1811 459 1873 servitii
472 1825 598 1898 tempus
613 1815 798 1899 requirunt:
820 1811 966 1899 alioquin
980 1812 1097 1897 'primo
1149 1810 1153 1815 ’

83 1915 170 1958 anno
205 1899 353 1981 privetur
384 1900 604 1985 unusquisque
636 1898 771 1961 dimidia
804 1909 895 1983 parte
926 1892 1099 1971 fructuum,

85 2000 168 2065 quos
202 1983 328 2044 ratione
360 1985 458 2047 etiam
492 1984 706 2070 praebendae,
741 2006 776 2046 nc
805 1981 992 2047 residentiae
1021 1976 1099 2045 lecit

68 2066 170 2131 ,loos
235 2054 333 2150 Quod
363 2068 388 2128 fi
406 2071 525 2131 iterum
548 2068 659 2133 eadem
680 2065 780 2132 fuerit
798 2072 871 2131 usus
893 2066 1099 2148 negligentia,

82 2152 235 2300 privetur
257 2151 406 2214 omnibus
424 2152 594 2229 fructibus,
615 2155 830 2240 quoseodern
852 2174 938 2215 anno
961 2155 1099 2215 lucratus

102 2237 195 2300 uerit.
244 2234 410 2300 Crescente
433 2260 510 2301 vero
531 2238 750 2317 contumacia,
779 2248 888 2302 contra
910 2258 983 2312 eos,
1011 2238 1099 2318 juxta
1188 2272 1190 2278 ,

83 2328 246 2387 sacrorum
268 2320 466 2407 ⁶)canonunr
489 2324 745 2400 constitutiones,
766 2321 965 2408 procedatur.
1019 2319 1101 2382 Dis·
1151 2333 1152 2338 ’

85 2409 281 2473 tributiones
307 2427 403 2486 vero,
440 2410 496 2495 qui
527 2409 613 2472 statis
641 2409 733 2471 boris
755 2402 984 2482 interfuerint,
1018 2405 1101 2468 reci-

85 2493 197 2579 piant:
231 2492 369 2578 reliqui,
401 2495 515 2579 quavis
535 2493 728 2570 collusione,
759 2505 813 2556 nut
834 2493 1018 2555 remissione
1039 2512 1101 2555 ex·

86 2581 192 2655 clusa,
225 2579 278 2640 his
310 2595 455 2655 careant,
487 2580 577 2660 iuxta
608 2576 774 2643 Bonisacii
801 2576 898 2644 Vlll.
927 2577 1100 2652 decretum,

86 2662 174 2751 qarod
195 2664 330 2750 incipit,
348 2661 381 2741 d)
396 2661 703 2751 Consuetudinem
731 2665 815 2751 quod
838 2660 1101 2743 sanctasynodus

84 2752 123 2813 in
146 2752 235 2813 usum
257 2761 402 2821 revocat,
436 2771 502 2811 non
524 2750 714 2814 obstantibus
737 2752 985 2835 quibuscumque
1004 2750 1102 2810 slatu-

84 2835 150 2913 ¹tis,
171 2847 205 2897 et
219 2833 520 2902 consuetudinibus.
562 2837 591 2914 e)
604 2831 724 2897 Omnes
747 2848 825 2897 vero
846 2835 957 2895 divina
981 2852 1037 2916 per
1059 2834 1101 2906 se,

86 2932 122 2985 et
143 2942 210 2983 non
233 2941 290 3004 per
310 2920 506 2993 substitutos,
534 2922 770 3004 compellantur
799 2921 889 2981 obire
910 2917 1033 2995 officia,
1068 2927 1101 2977 et

87 3005 244 3091 episcopo
277 3005 467 3081 celebranti,
514 3014 567 3066 aut
598 3005 662 3067 alia
696 3004 895 3089 pontificalia
928 3000 1102 3076 exercenti,

86 3091 249 3172 adlidere,
271 3100 305 3154 et
324 3090 499 3166 inserviret
531 3099 625 3175 atque
645 3090 820 3166 inchoro,
840 3089 879 3151 ad
902 3080 1102 3172 psallendum

87 3177 252 3252 instituto,
289 3175 441 3257 hymnis,
472 3185 504 3237 et
527 3175 659 3238 canticis
680 3173 742 3251 Dei
764 3195 882 3236 nornen
905 3183 1103 3248 reverenter,

89 3262 256 3337 distincte„
278 3259 457 3348 devoteque
481 3258 621 3340 laudare.
679 3258 803 3323 Vellitu
825 3261 956 3344 insop'er
977 3256 1104 3322 decenti

88 3359 157 3412 tam
178 3347 214 3411 in
234 3347 377 3422 ecclesis,
405 3367 499 3432 quam
521 3357 632 3420 extra,
663 3344 783 3410 assiduo
806 3355 951 3421 utantur:
972 3345 1010 3404 ab
1033 3343 1103 3404 illi·
1167 3382 1171 3388 ,

89 3434 228 3520 citisqoe
249 3433 493 3510 venationibus,
514 3431 676 3517 aucupiis,
691 3430 835 3511 choreis,
858 3429 1016 3506 tabernis,
1050 3429 1104 3491 lu-

127 3634 174 3698 ld)
192 3629 369 3686 conserantur
389 3630 422 3680 R.
447 3627 521 3681 Vnt..
537 3626 613 3682 Rom.
631 3627 688 3685 M..
709 3620 790 3695 Vem,
810 3623 899 3691 Virri,
917 3625 1018 3681 amm..
1033 3622 1100 3689 vit,

128 3701 228 3758 Horti„
246 3699 328 3772 Cissi,
348 3700 395 3753 Vc.
556 3738 559 3743 .

130 3808 159 3875 b)
177 3807 244 3865 Sesl.
259 3809 368 3863 XXlll·
385 3805 420 3860 de
437 3804 552 3858 resornr.
571 3822 595 3858 c.
614 3813 639 3865 1.
658 3832 694 3843 -
729 3805 755 3870 c)
774 3802 892 3872 Gregor.
908 3804 988 3856 Decr.
1005 3799 1036 3851 L.
1054 3799 1104 3852 ils.

130 3886 173 3935 ttr.
192 3887 219 3942 4.
237 3896 261 3935 c.
280 3886 324 3940 17.
338 3906 375 3918 -
417 3876 447 3943 d)
465 3877 544 3930 Sexti
562 3877 643 3930 Decr.
662 3874 692 3932 L.
708 3877 757 3931 ΙΙΙ.
775 3881 822 3934 ur.
836 3881 865 3937 3.
889 3890 914 3931 c.
933 3885 979 3926 un.
1004 3895 1038 3910 -
1075 3867 1103 3933 a)

119 3950 200 4008 sul.
217 3953 311 4008 xxu.
331 3949 366 4006 de
384 3947 584 4010 reseramus.
696 3986 704 4001 ,
