2528 4522
33 308 40 313 '
134 274 202 359 ‘16‘
249 277 339 374 App.
364 280 390 349 Ι.
418 281 464 349 ad
497 278 632 348 Concil.
662 274 823 346 Trident.
877 250 958 345 Sess.
983 273 1028 344 II.

133 462 251 525 Jecobo
279 462 441 548 apostolo,
476 459 558 540 cuod
581 462 716 541 ⁸¹)omue
739 449 863 522 daturis
891 454 1084 544 optimum,
1116 467 1145 520 et

132 570 229 611 omne
250 547 379 610 donum
407 484 602 632 perieetnm
631 542 813 628 desursum
842 543 904 627 est,
941 539 1145 627 descendens

133 655 156 695 a
176 642 280 718 putre
307 629 502 709 luminum,
529 633 555 708 t)
571 628 633 715 qui
654 630 715 705 iis,
748 631 804 716 qui
826 631 1024 716 pollulante
1046 631 1080 690 l'e
1099 632 1145 691 ss·

132 720 307 804 pientiam,
338 715 401 778 dut
425 711 582 778 omnibus
603 709 808 802 affluenter,
828 725 863 778 et
885 736 954 777 nou
976 714 1144 809 irnprope·

134 813 192 864 rot
213 805 280 879 eis:
313 812 344 863 et
367 803 458 863 lirnul
479 803 601 876 sciens,
636 799 721 886 quod
741 805 774 877 u)
787 797 933 863 initium
944 795 1144 885 saptentiae

134 887 175 950 est
197 885 301 950 timor
321 883 476 964 domini3
499 886 619 959 flntuit,
644 898 675 947 et
698 883 858 961 decrevit,
882 906 1013 961 ornnes,
1033 892 1066 943 et
1088 881 1143 944 fin·

24 1046 27 1050 ¹
133 975 227 1053 gulos
248 971 364 1036 Christi
386 972 515 1043 fideles,
542 973 577 1034 in
605 970 737 1034 civitate
759 968 953 1035 Tridentino
973 987 1143 1048 congrege·

133 1071 204 1134 tos,
225 1059 445 1121 exhortandos
467 1056 550 1133 elle,
577 1068 673 1140 prout
693 1057 901 1135 exhortetur,
931 1067 967 1120 ut
982 1055 1016 1118 ie
1038 1073 1057 1114 a
1081 1074 1144 1116 tne-

133 1145 178 1206 lis
201 1157 232 1205 et
253 1145 390 1229 peccetis
415 1145 565 1206 lrnctenns
579 1141 957 1218 cornrniilie'esnendere,
978 1138 1076 1203 ec‘tie
1096 1159 1143 1200 ce-

134 1242 205 1291 tero
228 1231 263 1291 in
282 1231 399 1290 tirnore
416 1227 552 1292 Domini
577 1230 755 1301 ernbulere‚
776 1225 809 1313 v)
821 1237 856 1290 et
878 1223 1047 1313 destderiu
1071 1242 1143 1287 cur-

89 1322 101 1340 *
135 1313 191 1376 nie
212 1336 280 1376 nou
304 1317 475 1397 perlicere,
505 1314 708 1379 orationibus¹
736 1312 864 1391 instare,
897 1314 1023 1399 inspius
1046 1311 1142 1372 conil-

134 1400 214 1472 teri,
245 1401 448 1462 euclrnrilliee
480 1404 709 1463 lecrenrenturn
740 1404 881 1473 l'urnere,
913 1398 1059 1462 ecclelies
1082 1391 1142 1457 ire·

134 1496 296 1572 quentare,
323 1497 487 1569 praecepto
513 1486 650 1571 denique
671 1483 858 1560 Durninice,
884 1495 1037 1570 quantum
1059 1481 1141 1567 quie·

134 1594 195 1656 que
221 1573 359 1654 poterit,
393 1572 587 1656 adimplere,
618 1591 676 1633 nec
705 1592 773 1633 uon
800 1571 945 1657 quotidie
979 1591 1039 1655 pro
1072 1587 1140 1651 pete

133 1659 319 1740 principum
343 1654 609 1732 Christianorum,
632 1669 664 1719 et
685 1655 807 1718 unitnte
826 1658 971 1718 eccleiiee
995 1655 1140 1740 privatim

134 1762 225 1801 orere
250 1743 365 1803 velint:
397 1745 565 1828 episcopos
588 1761 694 1820 vero,
719 1753 751 1804 et
772 1761 986 1828 quoscumque
1010 1740 1095 1800 elios
1112 1739 1141 1800 in

133 1827 248 1888 ordine
268 1826 455 1890 [acerdoteli
474 1828 680 1905 cunllitutos,
713 1828 952 1891 oecumenicum
974 1826 1142 1889 concilium

77 1988 80 1995 ι
131 1914 168 1974 in
187 1932 221 1972 en
245 1913 375 2012 civitfte
397 1915 675 1989 concelebrantes,
705 1925 740 1974 ut
761 1912 878 1977 nitidus
901 1914 936 1977 in
958 1911 1022 1975 Dei
1042 1911 1142 1973 laudi·

131 1998 190 2059 bus
209 1994 238 2072 ὅ)
260 2000 463 2076 incumbere,
491 1999 631 2074 hostias,
664 1998 793 2071 leudes,
826 2011 859 2061 et
913 2020 998 2061 reces
1021 1999 1141 2072 offerre,

130 2083 319 2164 [conficiunt
355 2084 465 2146 millae
498 2085 643 2170 quolibet
673 2085 786 2146 l'eltern
815 2083 868 2146 die
888 2020 1079 2162 iterninico,
1111 2083 1142 2145 iu

132 2190 195 2254 quo
219 2168 304 2229 Deus
326 2169 428 2232 luceru
453 2169 621 2247 condidit,
645 2180 676 2231 et
698 2190 714 2228 u
736 2173 874 2232 mortuis
896 2172 1092 2245 resurrexit,
1112 2189 1141 2230 sc

132 2252 351 2337 W)Spiriturn⁸
376 2261 518 2319 ferretum
548 2256 582 2317 in
614 2254 788 2339 discipulos
818 2252 959 2332 infudit,
995 2274 1141 2341 peregere

87 2347 89 2353 ’
131 2341 288 2417 integunt,
329 2335 502 2418 facientes,
532 2344 608 2402 licut
640 2340 727 2402 idem
761 2341 903 2425 Spiritus
935 2342 1060 2405 isrrctus
1090 2361 1141 2426 per

79 2493 87 2509 ·
132 2420 319 2506 Apollolutn
343 2428 517 2511 praecipit,
539 2421 573 2511 x)
589 2420 849 2504 obsecrationes,
869 2427 1062 2502 orationes,
1081 2446 1141 2511 po-

85 2520 94 2534 *
128 2505 350 2586 stulntiorree,
381 2509 587 2596 gratiarum
616 2506 770 2571 actiones
792 2531 851 2595 pro
872 2514 1063 2576 senctil'lirno
1086 2512 1141 2573 do·

131 2593 222 2657 snino
245 2594 348 2655 noliro
371 2616 467 2679 popa,
504 2616 560 2678 pro
589 2594 804 2677 imperatore,
830 2617 895 2681 pro
916 2595 1080 2685 regibus,
1110 2602 1140 2658 et

134 2678 263 2749 ceteris,
296 2677 357 2764 qui
391 2680 428 2741 iu
452 2676 676 2824 [ublimitute
708 2680 869 2743 constituti
889 2679 992 2764 furti,
1022 2695 1055 2746 et
1082 2699 1161 2766 pru,

131 2757 287 2823 ueteribus
319 2762 451 2826 leontini
473 2786 533 2827 ne.-
558 2772 608 2825 *ut
641 2760 814 2848 quietum,
850 2775 885 2828 et
914 2766 1142 2853 tranquillam

130 2843 242 2909 vitam
263 2868 431 2932 agamus,
465 2872 540 2934 poce
562 2846 724 2925 frunrnur,
747 2861 788 2912 ret
810 2851 887 2914 fidei
912 2854 1141 2917 incrementum

131 2932 308 2998 videmnus.
351 2934 515 2997 Praeterea
539 2935 703 3009 hortetur,
733 2947 766 2996 ut
785 2938 926 3019 jejunent
946 2942 1058 3003 l'nltern
1081 2943 1142 3003 fin-

130 3019 215 3096 gulie
245 3021 345 3080 l'extis
379 3016 470 3081 seriis
503 3021 536 3082 in
568 3022 756 3082 rnernoriorn
778 3026 930 3107 pullionis
954 3024 1091 3092 Domini
1105 3027 1141 3108 4),

132 3114 164 3163 et
185 3104 403 3184 eleemosynas
427 3107 617 3190 pauperibus
642 3119 795 3184 erogent:
828 3110 862 3171 in
890 3112 1016 3174 ecclsiis
1038 3129 1141 3178 sutem

131 3187 305 3251 cathedrali
337 3192 469 3272 lingulis
501 3193 623 3277 quintis
653 3188 746 3255 seriis
777 3194 952 3258 celebretur
980 3198 1073 3261 inille
1105 3201 1141 3263 de

131 3272 254 3356 Spiritu
275 3278 403 3356 functo,
436 3299 506 3339 corn
528 3278 673 3355 litaniis,
708 3291 740 3340 et
772 3281 847 3343 eliis
875 3283 1078 3348 orationibus
1100 3285 1137 3348 ed

130 3358 192 3418 hoc
214 3357 384 3425 institutis:
416 3363 452 3425 in
468 3361 540 3425 eliis
563 3385 640 3426 vero
665 3365 803 3428 eccleiiis
826 3366 936 3431 eedem
957 3367 1017 3433 tie.
1032 3371 1142 3438 diceu-

164 3638 192 3704 3)
213 3643 242 3691 in
267 3656 315 3687 orn.
341 3637 448 3698 Hurd.,·
478 3643 506 3689 in
523 3617 565 3679 ⁵-
595 3640 691 3694 lendes
717 3641 769 3714 leg.
788 3645 863 3700 Rom.
881 3648 922 3699 M.
941 3673 973 3684 -
1011 3649 1043 3717 4)
1062 3646 1142 3704 nostri

164 3707 231 3761 iesu
250 3705 347 3760 Christi
366 3708 429 3762 add.
447 3710 527 3764 Brix.
901 3744 904 3751 .
944 3742 946 3746 «

165 3847 190 3896 p.
210 3838 244 3891 32
266 3829 374 3899 qu.-
411 3832 676 3899 s)Jnc.1‚17.-
711 3838 733 3903 t)
750 3834 789 3889 ib.
809 3856 834 3890 v.
851 3855 926 3894 5.-
970 3844 1000 3910 n)
1020 3843 1064 3898 Ps.
1081 3851 1141 3905 110,

165 3921 199 3957 ιο.
219 3904 303 3956 Eccli.
323 3912 355 3968 1,
375 3918 410 3959 re.
428 3903 496 3961 edd.
514 3905 597 3958 Prov.
615 3916 641 3964 t,
658 3920 681 3963 7.
700 3912 733 3972 9,
751 3928 786 3964 ιο.
805 3934 842 3951 ·-
877 3916 908 3980 v)
929 3910 988 3968 Gal.
1007 3921 1034 3983 5,
1054 3933 1090 3974 tu·
1108 3942 1140 3956 ·-

163 3975 282 4040 wlnot.
302 3982 328 4041 t,
347 3993 357 4030 1
377 3972 434 4044 sqq.
455 4002 488 4015 -
525 3977 814 4048 x)1Tiru.[2,1lq.
