2528 4522
284 261 484 333 Decretum
507 262 553 333 de
573 261 845 334 reformatione.
907 324 911 329 .
1011 281 1085 355 117

60 448 216 533 vilegiis,
251 402 554 524 consuetudinibds,
586 426 686 514 otiaris
715 447 968 514 immemorabili
997 462 1084 517 tem·
1189 502 1195 525 ,

60 558 144 623 pore
165 536 392 623 praescriptis,
411 535 681 612 conservatoriis,
700 534 841 626 judicum
863 535 1092 623 deputationig
1255 547 1258 554 '

61 626 141 700 bus,
171 633 204 685 et
225 643 339 684 corum
359 616 612 683 inhibitionibus
633 643 700 684 non
727 618 927 686 obstentibos.
978 610 1083 700 bsl'll

60 707 99 771 in
119 708 170 771 eis
195 707 320 787 vigeret
345 706 545 769 observantis
574 706 751 788 regularis,
784 708 1082 794 provideant’e'pi-

59 794 154 880 scopi
182 793 328 880 paternis
356 788 648 869 admonitionibus,
678 803 712 856 ut
742 814 854 856 eorum
887 795 1082 873 regularium

58 879 245 965 superiores
260 875 363 962 'juxta
382 898 494 948 eorum
514 879 672 958 regdlaria
701 878 842 941 instituta
863 878 1005 944 debitam
1028 883 1083 944 vi-

58 962 165 1029 rendi
184 965 342 1027 rationem
366 965 554 1039 observent,
574 976 608 1027 et
629 964 794 1029 observari
814 959 948 1043 iaciant,
972 978 1005 1029 et
1024 967 1083 1041 fibi

44 1048 207 1119 *subditos
230 1049 265 1112 in
289 1048 395 1113 officio
419 1049 622 1124 contineant,
654 1071 688 1113 ac
709 1048 925 1113 moderentur.
982 1049 1082 1136 Quod

57 1135 289 1212 fiodrnoniti,
326 1136 412 1198 iutra
445 1136 501 1198 sex
534 1139 659 1198 menses
689 1155 745 1199 eos
772 1156 840 1199 non
870 1136 1082 1216 visitaverint,

58 1222 119 1285 vel
140 1222 359 1297 correxerint3
378 1229 469 1282 tunc
485 1218 586 1282 iidem
613 1221 775 1306 episcopi,
804 1221 902 1284 etiam
935 1235 968 1285 ut
990 1224 1082 1287 dele-

59 1307 131 1391 gati
150 1304 276 1379 lodice
303 1305 462 1382 ollolicae,
481 1326 539 1369 eos
560 1306 686 1369 visitare
707 1306 837 1391 possint,
856 1319 887 1369 et
908 1309 1080 1390 corrigere,

59 1390 164 1481 p'rout
190 1391 253 1478 ipsi
276 1328 460 1478 superiores
483 1388 630 1476 possent,
660 1392 756 1476 juxta
783 1413 895 1455 eorum
923 1395 1081 1472 intritum

60 1478 314 1567 quibuscumque
330 1475 617 1563 appellationibus,
633 1477 829 1562 privilegiis,
849 1491 879 1540 et
895 1483 1082 1567 exemptio·

59 1566 159 1629 nibus
179 1564 310 1651 penitus
331 1562 487 1642 remotis,
508 1573 541 1625 et
561 1584 630 1627 non
652 1562 854 1627 obstantibus.

540 1749 569 1790 r.
648 1769 657 1789 .
1122 1770 1125 1775 .

60 1833 308 1987 [Qffornm
325 1722 764 1935 eleemosygczdnulnxnome'n
775 1849 810 1904 ct
824 1822 909 1926 ujus
929 1837 1081 1903 tollitur.

170 1944 198 2010 g

59 1927 107 1993 In
198 1920 314 1986 entiae
347 1931 382 1985 et
402 1919 614 2009 spirituales
640 1922 785 2009 gratias
806 1923 983 1988 ordinarii
1008 1946 1082 2011 pn-
1113 1934 1115 1938 ’
1234 1961 1238 1977 ·

59 2008 202 2077 blicent.
255 2003 337 2071 Duo
357 2004 400 2072 de
420 2005 830 2175 capitulodplpemofyncs
846 2008 967 2096 gratia
987 2007 1082 2091 croci-

333 2119 339 2131 ·
432 2162 435 2166 ,
507 2112 573 2178 pra
616 2140 625 2158 .

65 2204 89 2293 „⁸
125 2212 207 2278 Gurn
227 2211 324 2275 multa
347 2231 365 2272 a
388 2206 522 2273 divdrfis
543 2221 637 2275 antea
661 2211 830 2288 conciliis,
860 2216 966 2292 tumn)
988 2212 1083 2276 Late·

58 2302 207 2377 ranenli,
231 2319 267 2360 ac
289 2295 517 2374 Lugdunenfi',
539 2297 900 2380 que1n⁰)'Viennenfi,
932 2298 1082 2362 adversus

14 2440 18 2445 ’
57 2381 694 2535 iiiiii⁰¹⁶⁶¹¹¹isisiilssimiis
708 2381 1084 2532 ⁸¹'usl'i-{⁰'l⁰⁶ii'r¹¹³¹¹⁰

58 2494 177 2639 :silini
189 2489 380 2642 afioddsdue
415 2572 527 2615 eorum
552 2489 775 2643 :plpmpausitpe
790 2488 939 2642 qdoiidid
953 2491 1083 2641 virlrttglblo

59 2644 209 2711 fidelium
230 2641 376 2704 omnium
400 2634 567 2715 scandalo,
599 2649 633 2702 et
662 2640 789 2726 querela
821 2645 1002 2706 excrescere
1023 2640 1083 2703 de·
1176 2681 1180 2693 -

15 2788 21 2795 .
59 2726 291 2819 prehendatur,
311 2737 347 2787 ut
365 2723 404 2785 de
426 2742 540 2786 eorum
560 2726 788 2789 emendatione
810 2728 899 2789 nulla
920 2730 993 2813 spes
1013 2746 1084 2790 am-

59 2817 152 2905 plios
174 2814 286 2877 relicta
309 2809 472 2872 videatur:
508 2807 627 2888 statutt,
664 2822 701 2873 ut
730 2811 857 2896 pollhac
886 2813 923 2874 in
953 2811 1083 2899 quibus·

60 2921 199 2991 cumque
228 2895 423 2961 Christianae
456 2893 628 2975 religionis
657 2897 760 2974 locis,
806 2918 919 2961 eorum
952 2917 1084 2973 nomen,

61 2998 157 3077 atque
180 2988 252 3048 osus
267 2983 404 3068 penitus
425 2980 609 3058 aboleatur;
629 2979 699 3060 fnec
731 2978 769 3043 ad
801 2980 943 3044 officium
965 2979 1084 3043 hu'us-

44 3062 155 3144 'modi
184 3067 399 3135 exercendum
426 3066 586 3147 ullatenus
606 3066 834 3139 admittantur;
869 3089 938 3130 uon
960 3068 1084 3129 obtan-

61 3162 147 3225 tibus
176 3155 383 3243 privilegiis,
416 3153 572 3228 ecclesiis,
609 3152 825 3230 monasteriis,
858 3151 1084 3237 hospitalibus,
1189 3148 1193 3153 ’

62 3245 130 3333 piis
154 3243 256 3316 locis,
292 3249 324 3303 et
351 3236 533 3324 quibusvis,
567 3240 792 3323 cujuscumque
813 3236 949 3319 gradus,
978 3238 1083 3313 slatus,
1187 3306 1199 3321 ..

65 3342 102 3409 et
118 3326 289 3411 dignitatis
309 3324 474 3411 personis,
506 3325 679 3401 concessis,
714 3336 766 3386 aut
788 3322 1083 3402 consuetudinibus,

64 3412 164 3481 etiarn
183 3408 507 3477 itnmemorabilibus.
558 3407 782 3495 Indulgentiae
803 3431 903 3482 vero,
928 3420 982 3471 aut
1003 3411 1083 3472 alias

65 3499 248 3590 spirituales
270 3494 409 3580 gratias,
433 3493 547 3581 quibus
570 3516 637 3558 non
657 3493 731 3558 ideo
754 3493 871 3559 Christi
891 3495 1004 3559 fideles
1025 3494 1085 3558 de·

99 3704 242 3809 ultione.
270 3733 396 3786 Lateran.
419 3728 470 3782 tv.
498 3723 548 3777 sub
573 3694 739 3780 Innocentio
765 3729 813 3781 lll.
838 3694 962 3789 ³:121&
988 3744 1012 3779 c.
1036 3731 1082 3787 62,

101 3808 205 3880 (uma
228 3809 264 3861 r.
280 3804 375 3860 xxn.
400 3816 429 3868 p.
447 3788 539 3865 loeo.)
557 3798 675 3868 erogat.
695 3800 779 3852 nea.
804 3800 834 3852 u.
854 3802 890 3852 v.
918 3806 960 3854 a.
984 3802 1029 3858 aa.
1058 3814 1082 3847 a.

92 3888 201 3945 η-
236 3878 267 3944 o)
286 3875 451 3929 Clementia.
468 3872 499 3924 t.
517 3874 552 3923 V.
580 3876 622 3923 tlt.
640 3878 667 3930 9.
685 3886 709 3924 c.
728 3879 754 3931 2.
774 3870 840 3927 sets,
860 3872 896 3925 V,
915 3871 949 3924 de
969 3869 1083 3929 resona,

103 3970 129 4010 o.
146 3962 174 4015 2.
192 3949 252 4011 sols.
270 3946 365 4003 XXV.
382 3948 411 4022 tu
430 3942 533 3997 decret.
552 3938 758 4013 dc'iudutgsut.

22 4286 97 4431 a
175 4328 223 4433 :a

132 4436 237 4490 tsi-¹
