<?xml version="1.0" encoding="UTF-8"?>
<!DOCTYPE html PUBLIC "-//W3C//DTD XHTML 1.0 Transitional//EN"
    "http://www.w3.org/TR/xhtml1/DTD/xhtml1-transitional.dtd">
<html xmlns="http://www.w3.org/1999/xhtml" xml:lang="en" lang="en">
 <head>
  <title>
</title>
<meta http-equiv="Content-Type" content="text/html;charset=utf-8" />
  <meta name='ocr-system' content='tesseract 3.04.00' />
  <meta name='ocr-capabilities' content='ocr_page ocr_carea ocr_par ocr_line ocrx_word'/>
</head>
<body>
  <div class='ocr_page' id='page_1' title='image "./librisymbolicie00stregoog/librisymbolicie00stregoog_0251.png"; bbox 0 0 2528 4522; ppageno 0'>
   <div class='ocr_carea' id='block_1_1' title="bbox 59 4014 72 4175">
    <p class='ocr_par' dir='ltr' id='par_1_1' title="bbox 59 4014 72 4175">
     <span class='ocr_line' id='line_1_1' title="bbox 59 4014 72 4175; baseline 0 -52"><span class='ocrx_word' id='word_1_1' title='bbox 59 4014 72 4175; x_wconf 77' lang='lat' dir='ltr'><strong>r</strong></span> 
     </span>
    </p>
   </div>
   <div class='ocr_carea' id='block_1_2' title="bbox 59 4236 220 4259">
    <p class='ocr_par' dir='ltr' id='par_1_2' title="bbox 59 4236 220 4259">
     <span class='ocr_line' id='line_1_2' title="bbox 59 4236 220 4259; baseline 0 0"><span class='ocrx_word' id='word_1_2' title='bbox 59 4236 220 4259; x_wconf 60' lang='lat' dir='ltr'><strong>m.&#39;</strong></span> 
     </span>
    </p>
   </div>
   <div class='ocr_carea' id='block_1_3' title="bbox 179 280 982 394">
    <p class='ocr_par' dir='ltr' id='par_1_3' title="bbox 179 280 982 394">
     <span class='ocr_line' id='line_1_3' title="bbox 179 280 982 394; baseline -0.031 -8"><span class='ocrx_word' id='word_1_3' title='bbox 179 296 261 385; x_wconf 94' lang='grc'><strong>968</strong></span> <span class='ocrx_word' id='word_1_4' title='bbox 382 280 473 394; x_wconf 76' lang='lat' dir='ltr'><strong>ilpp.</strong></span> <span class='ocrx_word' id='word_1_5' title='bbox 498 288 601 368; x_wconf 72' lang='lat' dir='ltr'><strong>tas</strong></span> <span class='ocrx_word' id='word_1_6' title='bbox 620 292 763 368; x_wconf 69' lang='lat' dir='ltr'><strong>danen·</strong></span> <span class='ocrx_word' id='word_1_7' title='bbox 780 285 946 365; x_wconf 62' lang='lat' dir='ltr'><strong>student.</strong></span> <span class='ocrx_word' id='word_1_8' title='bbox 979 336 982 340; x_wconf 95' lang='lat'>-</span> 
     </span>
    </p>
   </div>
   <div class='ocr_carea' id='block_1_4' title="bbox 167 470 1213 3814">
    <p class='ocr_par' dir='ltr' id='par_1_4' title="bbox 167 470 1213 3814">
     <span class='ocr_line' id='line_1_4' title="bbox 176 470 1183 562; baseline -0.011 -14"><span class='ocrx_word' id='word_1_9' title='bbox 176 483 237 547; x_wconf 85' lang='lat' dir='ltr'><strong>dos</strong></span> <span class='ocrx_word' id='word_1_10' title='bbox 257 478 473 556; x_wconf 85' lang='lat' dir='ltr'><strong>celebrandas,</strong></span> <span class='ocrx_word' id='word_1_11' title='bbox 506 475 545 542; x_wconf 87' lang='lat' dir='ltr'><strong>ad</strong></span> <span class='ocrx_word' id='word_1_12' title='bbox 576 481 682 542; x_wconf 82' lang='lat' dir='ltr'><strong>sacros</strong></span> <span class='ocrx_word' id='word_1_13' title='bbox 710 475 842 542; x_wconf 84' lang='lat' dir='ltr'><strong>ordines</strong></span> <span class='ocrx_word' id='word_1_14' title='bbox 869 470 1109 562; x_wconf 83' lang='lat' dir='ltr'><strong>suscipiendos,</strong></span> <span class='ocrx_word' id='word_1_15' title='bbox 1140 470 1183 537; x_wconf 90' lang='lat' dir='ltr'><strong>ad</strong></span> 
     </span>
     <span class='ocr_line' id='line_1_5' title="bbox 178 560 1213 652; baseline -0.011 -20"><span class='ocrx_word' id='word_1_16' title='bbox 178 568 367 650; x_wconf 80' lang='lat' dir='ltr'>religionem</span> <span class='ocrx_word' id='word_1_17' title='bbox 392 562 615 651; x_wconf 82' lang='lat' dir='ltr'><strong>profitendam,</strong></span> <span class='ocrx_word' id='word_1_18' title='bbox 635 563 674 628; x_wconf 87' lang='lat' dir='ltr'><strong>ad</strong></span> <span class='ocrx_word' id='word_1_19' title='bbox 696 565 898 652; x_wconf 75' lang='lat' dir='ltr'><strong>parochiales</strong></span> <span class='ocrx_word' id='word_1_20' title='bbox 920 562 1080 638; x_wconf 87' lang='lat' dir='ltr'><strong>ecclesias,</strong></span> <span class='ocrx_word' id='word_1_21' title='bbox 1101 560 1185 622; x_wconf 88' lang='lat' dir='ltr'><strong>alia·</strong></span> <span class='ocrx_word' id='word_1_22' title='bbox 1210 627 1213 635; x_wconf 59' lang='grc'>,</span> 
     </span>
     <span class='ocr_line' id='line_1_6' title="bbox 177 645 1184 741; baseline -0.008 -24"><span class='ocrx_word' id='word_1_23' title='bbox 177 676 238 741; x_wconf 88' lang='lat' dir='ltr'><strong>que</strong></span> <span class='ocrx_word' id='word_1_24' title='bbox 260 653 409 716; x_wconf 90' lang='lat' dir='ltr'><strong>beneficia</strong></span> <span class='ocrx_word' id='word_1_25' title='bbox 432 650 646 726; x_wconf 80' lang='lat' dir='ltr'><strong>ecclesiastica,</strong></span> <span class='ocrx_word' id='word_1_26' title='bbox 680 671 760 736; x_wconf 87' lang='lat' dir='ltr'><strong>quae</strong></span> <span class='ocrx_word' id='word_1_27' title='bbox 789 649 930 732; x_wconf 86' lang='lat' dir='ltr'><strong>ejusdem</strong></span> <span class='ocrx_word' id='word_1_28' title='bbox 960 647 1093 710; x_wconf 89' lang='lat' dir='ltr'><strong>concilii</strong></span> <span class='ocrx_word' id='word_1_29' title='bbox 1124 645 1184 709; x_wconf 84' lang='lat' dir='ltr'><strong>de-</strong></span> 
     </span>
     <span class='ocr_line' id='line_1_7' title="bbox 177 730 1184 822; baseline -0.007 -21"><span class='ocrx_word' id='word_1_30' title='bbox 177 740 271 802; x_wconf 85' lang='lat' dir='ltr'><strong>cretis</strong></span> <span class='ocrx_word' id='word_1_31' title='bbox 293 737 427 802; x_wconf 87' lang='lat' dir='ltr'><strong>retineri</strong></span> <span class='ocrx_word' id='word_1_32' title='bbox 449 730 648 822; x_wconf 87' lang='lat' dir='ltr'><strong>prohibitum</strong></span> <span class='ocrx_word' id='word_1_33' title='bbox 668 735 724 812; x_wconf 87' lang='lat' dir='ltr'><strong>lit,</strong></span> <span class='ocrx_word' id='word_1_34' title='bbox 752 733 952 816; x_wconf 87' lang='lat' dir='ltr'><strong>resignanda,</strong></span> <span class='ocrx_word' id='word_1_35' title='bbox 978 743 1009 795; x_wconf 88' lang='lat' dir='ltr'><strong>et</strong></span> <span class='ocrx_word' id='word_1_36' title='bbox 1031 730 1069 793; x_wconf 90' lang='lat' dir='ltr'><strong>ad</strong></span> <span class='ocrx_word' id='word_1_37' title='bbox 1093 752 1184 794; x_wconf 90' lang='lat' dir='ltr'><strong>com-</strong></span> 
     </span>
     <span class='ocr_line' id='line_1_8' title="bbox 176 817 1183 912; baseline -0.007 -27"><span class='ocrx_word' id='word_1_38' title='bbox 176 826 283 910; x_wconf 78' lang='lat' dir='ltr'><strong>plures</strong></span> <span class='ocrx_word' id='word_1_39' title='bbox 304 844 354 887; x_wconf 85' lang='lat' dir='ltr'><strong>ree</strong></span> <span class='ocrx_word' id='word_1_40' title='bbox 380 817 612 912; x_wconf 76' lang='lat' dir='ltr'><strong>2)hujusm0dt</strong></span> <span class='ocrx_word' id='word_1_41' title='bbox 640 822 873 908; x_wconf 67' lang='lat' dir='ltr'><strong>exsequendas,</strong></span> <span class='ocrx_word' id='word_1_42' title='bbox 904 841 940 881; x_wconf 90' lang='lat' dir='ltr'><strong>ac</strong></span> <span class='ocrx_word' id='word_1_43' title='bbox 970 818 1050 879; x_wconf 88' lang='lat' dir='ltr'><strong>alias</strong></span> <span class='ocrx_word' id='word_1_44' title='bbox 1071 837 1183 879; x_wconf 90' lang='lat' dir='ltr'><strong>omnes</strong></span> 
     </span>
     <span class='ocr_line' id='line_1_9' title="bbox 174 903 1184 994; baseline -0.006 -23"><span class='ocrx_word' id='word_1_45' title='bbox 174 909 214 971; x_wconf 86' lang='lat' dir='ltr'><strong>ad</strong></span> <span class='ocrx_word' id='word_1_46' title='bbox 237 909 428 994; x_wconf 78' lang='lat' dir='ltr'><strong>praedictam</strong></span> <span class='ocrx_word' id='word_1_47' title='bbox 448 903 712 969; x_wconf 80' lang='lat' dir='ltr'><strong>reformationem</strong></span> <span class='ocrx_word' id='word_1_48' title='bbox 733 905 1036 994; x_wconf 84' lang='lat' dir='ltr'><strong>jusquepofitivum</strong></span> <span class='ocrx_word' id='word_1_49' title='bbox 1059 914 1184 966; x_wconf 87' lang='lat' dir='ltr'><strong>tantum</strong></span> 
     </span>
     <span class='ocr_line' id='line_1_10' title="bbox 173 986 1184 1080; baseline -0.008 -21"><span class='ocrx_word' id='word_1_50' title='bbox 173 996 367 1078; x_wconf 75' lang='lat' dir='ltr'><strong>spectantes,</strong></span> <span class='ocrx_word' id='word_1_51' title='bbox 390 1013 469 1080; x_wconf 89' lang='lat' dir='ltr'><strong>quae</strong></span> <span class='ocrx_word' id='word_1_52' title='bbox 491 992 651 1077; x_wconf 76' lang='lat' dir='ltr'><strong>observari</strong></span> <span class='ocrx_word' id='word_1_53' title='bbox 674 1003 728 1054; x_wconf 91' lang='lat' dir='ltr'><strong>aut</strong></span> <span class='ocrx_word' id='word_1_54' title='bbox 749 993 866 1057; x_wconf 85' lang='lat' dir='ltr'><strong>evitari</strong></span> <span class='ocrx_word' id='word_1_55' title='bbox 886 992 1021 1053; x_wconf 87' lang='lat' dir='ltr'><strong>debeant</strong></span> <span class='ocrx_word' id='word_1_56' title='bbox 1032 987 1073 1067; x_wconf 73' lang='lat'><strong>³).</strong></span> <span class='ocrx_word' id='word_1_57' title='bbox 1117 986 1184 1052; x_wconf 86' lang='lat' dir='ltr'><strong>Nos</strong></span> 
     </span>
     <span class='ocr_line' id='line_1_11' title="bbox 175 1075 1185 1166; baseline -0.006 -24"><span class='ocrx_word' id='word_1_58' title='bbox 175 1081 300 1166; x_wconf 84' lang='lat' dir='ltr'><strong>itaque,</strong></span> <span class='ocrx_word' id='word_1_59' title='bbox 332 1091 367 1142; x_wconf 93' lang='lat' dir='ltr'><strong>ut</strong></span> <span class='ocrx_word' id='word_1_60' title='bbox 400 1076 507 1140; x_wconf 83' lang='lat' dir='ltr'><strong>ornnie</strong></span> <span class='ocrx_word' id='word_1_61' title='bbox 542 1077 754 1142; x_wconf 82' lang='lat' dir='ltr'><strong>controversia</strong></span> <span class='ocrx_word' id='word_1_62' title='bbox 788 1076 1009 1162; x_wconf 89' lang='lat' dir='ltr'><strong>dubitatioque</strong></span> <span class='ocrx_word' id='word_1_63' title='bbox 1038 1075 1185 1152; x_wconf 83' lang='lat' dir='ltr'><strong>tollatur,</strong></span> 
     </span>
     <span class='ocr_line' id='line_1_12' title="bbox 174 1159 1185 1252; baseline -0.006 -25"><span class='ocrx_word' id='word_1_64' title='bbox 174 1177 266 1228; x_wconf 89' lang='lat' dir='ltr'><strong>motu</strong></span> <span class='ocrx_word' id='word_1_65' title='bbox 288 1164 509 1252; x_wconf 83' lang='lat' dir='ltr'><strong>proprioteam</strong></span> <span class='ocrx_word' id='word_1_66' title='bbox 533 1185 611 1240; x_wconf 83' lang='lat' dir='ltr'><strong>cern,</strong></span> <span class='ocrx_word' id='word_1_67' title='bbox 634 1174 730 1248; x_wconf 89' lang='lat' dir='ltr'><strong>prout</strong></span> <span class='ocrx_word' id='word_1_68' title='bbox 745 1163 875 1242; x_wconf 84' lang='lat' dir='ltr'><strong>rationi,</strong></span> <span class='ocrx_word' id='word_1_69' title='bbox 894 1163 958 1245; x_wconf 84' lang='lat' dir='ltr'><strong>juri</strong></span> <span class='ocrx_word' id='word_1_70' title='bbox 972 1171 1005 1225; x_wconf 89' lang='lat' dir='ltr'><strong>et</strong></span> <span class='ocrx_word' id='word_1_71' title='bbox 1029 1159 1185 1246; x_wconf 81' lang='lat' dir='ltr'><strong>aequitati</strong></span> 
     </span>
     <span class='ocr_line' id='line_1_13' title="bbox 174 1245 1186 1327; baseline -0.005 -15"><span class='ocrx_word' id='word_1_72' title='bbox 174 1252 350 1314; x_wconf 84' lang='lat' dir='ltr'><strong>convenire</strong></span> <span class='ocrx_word' id='word_1_73' title='bbox 370 1250 559 1326; x_wconf 82' lang='lat' dir='ltr'><strong>censuimus,</strong></span> <span class='ocrx_word' id='word_1_74' title='bbox 582 1250 732 1312; x_wconf 86' lang='lat' dir='ltr'><strong>duximus</strong></span> <span class='ocrx_word' id='word_1_75' title='bbox 754 1247 984 1327; x_wconf 83' lang='lat' dir='ltr'><strong>declarandam.</strong></span> <span class='ocrx_word' id='word_1_76' title='bbox 1024 1245 1107 1322; x_wconf 76' lang='lat' dir='ltr'><strong>llam</strong></span> <span class='ocrx_word' id='word_1_77' title='bbox 1128 1245 1186 1308; x_wconf 87' lang='lat' dir='ltr'><strong>etsi</strong></span> 
     </span>
     <span class='ocr_line' id='line_1_14' title="bbox 175 1326 1185 1421; baseline -0.003 -25"><span class='ocrx_word' id='word_1_78' title='bbox 175 1336 274 1421; x_wconf 82' lang='lat' dir='ltr'><strong>ipsius</strong></span> <span class='ocrx_word' id='word_1_79' title='bbox 290 1334 552 1397; x_wconf 84' lang='lat' dir='ltr'><strong>conciliidecrata</strong></span> <span class='ocrx_word' id='word_1_80' title='bbox 563 1334 658 1397; x_wconf 89' lang='lat' dir='ltr'><strong>etiam</strong></span> <span class='ocrx_word' id='word_1_81' title='bbox 674 1332 956 1397; x_wconf 75' lang='lat' dir='ltr'><strong>de&#39;renarabilinrn</strong></span> <span class='ocrx_word' id='word_1_82' title='bbox 967 1326 1104 1394; x_wconf 88' lang='lat' dir='ltr'><strong>fratrum</strong></span> <span class='ocrx_word' id='word_1_83' title='bbox 1120 1353 1185 1395; x_wconf 89' lang='lat' dir='ltr'><strong>no·</strong></span> 
     </span>
     <span class='ocr_line' id='line_1_15' title="bbox 176 1417 1187 1484; baseline -0.004 -2"><span class='ocrx_word' id='word_1_84' title='bbox 176 1422 308 1483; x_wconf 83' lang='lat' dir='ltr'><strong>ltrorum</strong></span> <span class='ocrx_word' id='word_1_85' title='bbox 322 1426 444 1484; x_wconf 83' lang='lat' dir='ltr'><strong>sanctae</strong></span> <span class='ocrx_word' id='word_1_86' title='bbox 456 1417 619 1484; x_wconf 88' lang='lat' dir='ltr'><strong>Romanae</strong></span> <span class='ocrx_word' id='word_1_87' title='bbox 629 1421 773 1483; x_wconf 85' lang='lat' dir='ltr'><strong>ecclesiae</strong></span> <span class='ocrx_word' id='word_1_88' title='bbox 788 1419 996 1483; x_wconf 86' lang='lat' dir='ltr'><strong>cardinalium</strong></span> <span class='ocrx_word' id='word_1_89' title='bbox 1007 1418 1140 1484; x_wconf 85' lang='lat' dir='ltr'><strong>consilio</strong></span> <span class='ocrx_word' id='word_1_90' title='bbox 1155 1426 1187 1481; x_wconf 89' lang='lat' dir='ltr'><strong>et</strong></span> 
     </span>
     <span class='ocr_line' id='line_1_16' title="bbox 175 1502 1184 1570; baseline -0.006 0"><span class='ocrx_word' id='word_1_91' title='bbox 175 1506 296 1570; x_wconf 83' lang='lat' dir='ltr'><strong>assensu</strong></span> <span class='ocrx_word' id='word_1_92' title='bbox 319 1509 354 1568; x_wconf 92' lang='lat' dir='ltr'><strong>in</strong></span> <span class='ocrx_word' id='word_1_93' title='bbox 376 1503 554 1567; x_wconf 81' lang='lat' dir='ltr'><strong>corilistorio</strong></span> <span class='ocrx_word' id='word_1_94' title='bbox 576 1504 680 1569; x_wconf 82' lang='lat' dir='ltr'><strong>nostro</strong></span> <span class='ocrx_word' id='word_1_95' title='bbox 696 1508 815 1569; x_wconf 88' lang='lat' dir='ltr'><strong>secreto</strong></span> <span class='ocrx_word' id='word_1_96' title='bbox 836 1506 1024 1568; x_wconf 84' lang='lat' dir='ltr'><strong>confirmata</strong></span> <span class='ocrx_word' id='word_1_97' title='bbox 1046 1520 1064 1566; x_wconf 85' lang='lat' dir='ltr'><strong>a</strong></span> <span class='ocrx_word' id='word_1_98' title='bbox 1088 1502 1184 1565; x_wconf 85' lang='lat' dir='ltr'><strong>nobis</strong></span> 
     </span>
     <span class='ocr_line' id='line_1_17' title="bbox 173 1588 1183 1666; baseline 0 -14"><span class='ocrx_word' id='word_1_99' title='bbox 173 1588 304 1654; x_wconf 82' lang='lat' dir='ltr'><strong>fuerunt</strong></span> <span class='ocrx_word' id='word_1_100' title='bbox 333 1592 387 1654; x_wconf 89' lang='lat' dir='ltr'><strong>sub</strong></span> <span class='ocrx_word' id='word_1_101' title='bbox 417 1591 516 1652; x_wconf 87' lang='lat' dir='ltr'><strong>finem</strong></span> <span class='ocrx_word' id='word_1_102' title='bbox 544 1589 660 1653; x_wconf 78' lang='lat' dir='ltr'><strong>menits</strong></span> <span class='ocrx_word' id='word_1_103' title='bbox 681 1588 844 1666; x_wconf 70' lang='lat' dir='ltr'><strong>ianuarii,</strong></span> <span class='ocrx_word' id='word_1_104' title='bbox 878 1601 911 1653; x_wconf 84' lang='lat' dir='ltr'><strong>et</strong></span> <span class='ocrx_word' id='word_1_105' title='bbox 940 1591 978 1652; x_wconf 84' lang='lat' dir='ltr'><strong>ab</strong></span> <span class='ocrx_word' id='word_1_106' title='bbox 1012 1610 1050 1651; x_wconf 86' lang='lat' dir='ltr'><strong>eo</strong></span> <span class='ocrx_word' id='word_1_107' title='bbox 1086 1589 1183 1652; x_wconf 83' lang='lat' dir='ltr'><strong>etiam</strong></span> 
     </span>
     <span class='ocr_line' id='line_1_18' title="bbox 172 1672 1184 1761; baseline -0.002 -23"><span class='ocrx_word' id='word_1_108' title='bbox 172 1687 319 1760; x_wconf 89' lang='lat' dir='ltr'><strong>tempore</strong></span> <span class='ocrx_word' id='word_1_109' title='bbox 349 1672 433 1761; x_wconf 87' lang='lat' dir='ltr'><strong>apud</strong></span> <span class='ocrx_word' id='word_1_110' title='bbox 460 1675 540 1737; x_wconf 87' lang='lat' dir='ltr'><strong>hanc</strong></span> <span class='ocrx_word' id='word_1_111' title='bbox 571 1679 722 1738; x_wconf 87' lang='lat' dir='ltr'><strong>sanctam·</strong></span> <span class='ocrx_word' id='word_1_112' title='bbox 739 1675 845 1738; x_wconf 86' lang='lat' dir='ltr'><strong>sedem</strong></span> <span class='ocrx_word' id='word_1_113' title='bbox 873 1674 1045 1739; x_wconf 84' lang='lat' dir='ltr'><strong>observari·</strong></span> <span class='ocrx_word' id='word_1_114' title='bbox 1066 1694 1184 1758; x_wconf 89' lang='lat' dir='ltr'><strong>coepe-</strong></span> 
     </span>
     <span class='ocr_line' id='line_1_19' title="bbox 172 1756 1183 1845; baseline -0.001 -23"><span class='ocrx_word' id='word_1_115' title='bbox 172 1771 265 1823; x_wconf 87' lang='lat' dir='ltr'><strong>runt:</strong></span> <span class='ocrx_word' id='word_1_116' title='bbox 295 1759 370 1845; x_wconf 90' lang='lat' dir='ltr'><strong>quia</strong></span> <span class='ocrx_word' id='word_1_117' title='bbox 391 1771 496 1821; x_wconf 87' lang='lat' dir='ltr'><strong>tamen</strong></span> <span class='ocrx_word' id='word_1_118' title='bbox 517 1774 584 1821; x_wconf 89' lang='lat' dir='ltr'><strong>non</strong></span> <span class='ocrx_word' id='word_1_119' title='bbox 608 1761 898 1844; x_wconf 79' lang='lat' dir='ltr'><strong>parumtempnris</strong></span> <span class='ocrx_word' id='word_1_120' title='bbox 926 1761 962 1823; x_wconf 88' lang='lat' dir='ltr'><strong>in</strong></span> <span class='ocrx_word' id='word_1_121' title='bbox 987 1760 1046 1822; x_wconf 77' lang='lat' dir='ltr'><strong>&#39;eis&#39;</strong></span> <span class='ocrx_word' id='word_1_122' title='bbox 1059 1756 1183 1822; x_wconf 90' lang='lat' dir='ltr'><strong>Romae</strong></span> 
     </span>
     <span class='ocr_line' id='line_1_20' title="bbox 173 1840 1183 1931; baseline 0.001 -25"><span class='ocrx_word' id='word_1_123' title='bbox 173 1842 346 1925; x_wconf 84' lang='lat' dir='ltr'><strong>diligenter</strong></span> <span class='ocrx_word' id='word_1_124' title='bbox 380 1840 862 1931; x_wconf 79' lang='lat' dir='ltr'><strong>arnendateque·imprlmandis</strong></span> <span class='ocrx_word' id='word_1_125' title='bbox 881 1844 1070 1908; x_wconf 69' lang='lat' dir='ltr'><strong>’ascelinio</strong></span> <span class='ocrx_word' id='word_1_126' title='bbox 1092 1865 1183 1907; x_wconf 79' lang='lat' dir='ltr'><strong>con-</strong></span> 
     </span>
     <span class='ocr_line' id='line_1_21' title="bbox 171 1923 1181 2010; baseline -0.001 -17"><span class='ocrx_word' id='word_1_127' title='bbox 171 1935 240 1993; x_wconf 88' lang='lat' dir='ltr'><strong>sum</strong></span> <span class='ocrx_word' id='word_1_128' title='bbox 268 1941 333 1991; x_wconf 91' lang='lat' dir='ltr'><strong>tum</strong></span> <span class='ocrx_word' id='word_1_129' title='bbox 356 1923 430 2006; x_wconf 89' lang='lat' dir='ltr'><strong>suit,</strong></span> <span class='ocrx_word' id='word_1_130' title='bbox 451 1938 484 1990; x_wconf 90' lang='lat' dir='ltr'><strong>at</strong></span> <span class='ocrx_word' id='word_1_131' title='bbox 505 1928 573 2010; x_wconf 82' lang='lat' dir='ltr'><strong>jure</strong></span> <span class='ocrx_word' id='word_1_132' title='bbox 595 1929 693 1994; x_wconf 89' lang='lat' dir='ltr'><strong>etiam</strong></span> <span class='ocrx_word' id='word_1_133' title='bbox 715 1930 1053 1995; x_wconf 77' lang='lat' dir='ltr'><strong>communi-sancium</strong></span> <span class='ocrx_word' id='word_1_134' title='bbox 1073 1929 1122 2006; x_wconf 84' lang='lat' dir='ltr'><strong>est,</strong></span> <span class='ocrx_word' id='word_1_135' title='bbox 1146 1941 1181 1992; x_wconf 90' lang='lat' dir='ltr'><strong>ut</strong></span> 
     </span>
     <span class='ocr_line' id='line_1_22' title="bbox 172 1952 1180 2101; baseline -0.002 -24"><span class='ocrx_word' id='word_1_136' title='bbox 172 1952 410 2078; x_wconf 74' lang='lat' dir='ltr'><strong>conliitutiones</strong></span> <span class='ocrx_word' id='word_1_137' title='bbox 428 2008 538 2077; x_wconf 79' lang='lat' dir='ltr'><strong>norae</strong></span> <span class='ocrx_word' id='word_1_138' title='bbox 555 2010 629 2080; x_wconf 76' lang='lat' dir='ltr'><strong>vim‘</strong></span> <span class='ocrx_word' id='word_1_139' title='bbox 648 2034 716 2078; x_wconf 91' lang='lat' dir='ltr'><strong>non</strong></span> <span class='ocrx_word' id='word_1_140' title='bbox 737 2014 795 2078; x_wconf 89' lang='lat' dir='ltr'><strong>nili</strong></span> <span class='ocrx_word' id='word_1_141' title='bbox 817 2015 886 2101; x_wconf 80' lang='lat' dir='ltr'><strong>poll</strong></span> <span class='ocrx_word' id='word_1_142' title='bbox 911 2027 1031 2079; x_wconf 88' lang='lat' dir='ltr'><strong>certum</strong></span> <span class='ocrx_word' id='word_1_143' title='bbox 1054 2025 1180 2098; x_wconf 85' lang='lat' dir='ltr'><strong>ternpus</strong></span> 
     </span>
     <span class='ocr_line' id='line_1_23' title="bbox 173 2099 1181 2186; baseline -0.004 -22"><span class='ocrx_word' id='word_1_144' title='bbox 173 2101 524 2186; x_wconf 76' lang='lat' dir='ltr'><strong>obtirreant3&#39;aequum</strong></span> <span class='ocrx_word' id='word_1_145' title='bbox 558 2099 653 2162; x_wconf 86' lang='lat' dir='ltr'><strong>nobis</strong></span> <span class='ocrx_word' id='word_1_146' title='bbox 674 2111 706 2164; x_wconf 88' lang='lat' dir='ltr'><strong>et</strong></span> <span class='ocrx_word' id='word_1_147' title='bbox 725 2100 836 2183; x_wconf 79' lang='lat' dir='ltr'><strong>julium</strong></span> <span class='ocrx_word' id='word_1_148' title='bbox 858 2101 962 2164; x_wconf 89' lang='lat' dir='ltr'><strong>visum</strong></span> <span class='ocrx_word' id='word_1_149' title='bbox 993 2100 1055 2175; x_wconf 86' lang='lat' dir='ltr'><strong>est,</strong></span> <span class='ocrx_word' id='word_1_150' title='bbox 1086 2121 1181 2185; x_wconf 86' lang='lat' dir='ltr'><strong>prae-</strong></span> 
     </span>
     <span class='ocr_line' id='line_1_24' title="bbox 173 2182 1180 2271; baseline -0.001 -24"><span class='ocrx_word' id='word_1_151' title='bbox 173 2182 256 2248; x_wconf 89' lang='lat' dir='ltr'><strong>dicta</strong></span> <span class='ocrx_word' id='word_1_152' title='bbox 281 2184 404 2248; x_wconf 90' lang='lat' dir='ltr'><strong>decreta</strong></span> <span class='ocrx_word' id='word_1_153' title='bbox 427 2185 536 2248; x_wconf 90' lang='lat' dir='ltr'><strong>omnia</strong></span> <span class='ocrx_word' id='word_1_154' title='bbox 566 2184 605 2248; x_wconf 92' lang='lat' dir='ltr'><strong>ad</strong></span> <span class='ocrx_word' id='word_1_155' title='bbox 633 2184 752 2248; x_wconf 92' lang='lat' dir='ltr'><strong>dictam</strong></span> <span class='ocrx_word' id='word_1_156' title='bbox 782 2183 1048 2249; x_wconf 85' lang='lat' dir='ltr'><strong>reformationem</strong></span> <span class='ocrx_word' id='word_1_157' title='bbox 1067 2186 1180 2271; x_wconf 86' lang='lat' dir='ltr'><strong>jusque</strong></span> 
     </span>
     <span class='ocr_line' id='line_1_25' title="bbox 170 2265 1181 2358; baseline 0 -25"><span class='ocrx_word' id='word_1_158' title='bbox 170 2272 345 2358; x_wconf 84' lang='lat' dir='ltr'><strong>positivum</strong></span> <span class='ocrx_word' id='word_1_159' title='bbox 360 2265 532 2333; x_wconf 82' lang='lat' dir='ltr'><strong>&#39;dumtaxat</strong></span> <span class='ocrx_word' id='word_1_160' title='bbox 554 2268 729 2356; x_wconf 78' lang='lat' dir='ltr'><strong>spectantia</strong></span> <span class='ocrx_word' id='word_1_161' title='bbox 750 2292 768 2334; x_wconf 89' lang='lat' dir='ltr'><strong>a</strong></span> <span class='ocrx_word' id='word_1_162' title='bbox 790 2270 1009 2354; x_wconf 76' lang='lat' dir='ltr'><strong>kalend.lttaji</strong></span> <span class='ocrx_word' id='word_1_163' title='bbox 1030 2272 1181 2357; x_wconf 84' lang='lat' dir='ltr'><strong>proxime</strong></span> 
     </span>
     <span class='ocr_line' id='line_1_26' title="bbox 170 2355 1182 2444; baseline 0.001 -26"><span class='ocrx_word' id='word_1_164' title='bbox 170 2357 339 2442; x_wconf 85' lang='lat' dir='ltr'><strong>praeteriti</strong></span> <span class='ocrx_word' id='word_1_165' title='bbox 372 2376 485 2419; x_wconf 83' lang='lat' dir='ltr'><strong>ornnes</strong></span> <span class='ocrx_word' id='word_1_166' title='bbox 515 2357 664 2439; x_wconf 29' lang='lat' dir='ltr'><strong>obligare·</strong></span> <span class='ocrx_word' id='word_1_167' title='bbox 690 2355 844 2444; x_wconf 71' lang='lat' dir='ltr'><strong>coepisse,</strong></span> <span class='ocrx_word' id='word_1_168' title='bbox 876 2379 980 2444; x_wconf 82' lang='lat' dir='ltr'><strong>neque</strong></span> <span class='ocrx_word' id='word_1_169' title='bbox 1011 2356 1080 2442; x_wconf 81' lang='lat' dir='ltr'><strong>poli</strong></span> <span class='ocrx_word' id='word_1_170' title='bbox 1112 2378 1182 2419; x_wconf 90' lang='lat' dir='ltr'><strong>eam</strong></span> 
     </span>
     <span class='ocr_line' id='line_1_27' title="bbox 171 2434 1180 2529; baseline -0.002 -25"><span class='ocrx_word' id='word_1_171' title='bbox 171 2443 258 2505; x_wconf 88' lang='lat' dir='ltr'><strong>diem</strong></span> <span class='ocrx_word' id='word_1_172' title='bbox 286 2441 522 2505; x_wconf 87' lang='lat' dir='ltr'><strong>excusationem</strong></span> <span class='ocrx_word' id='word_1_173' title='bbox 551 2434 753 2528; x_wconf 80' lang='lat' dir='ltr'><strong>cujusquam,</strong></span> <span class='ocrx_word' id='word_1_174' title='bbox 787 2441 872 2529; x_wconf 91' lang='lat' dir='ltr'><strong>quod</strong></span> <span class='ocrx_word' id='word_1_175' title='bbox 901 2464 938 2504; x_wconf 87' lang='lat' dir='ltr'><strong>aa</strong></span> <span class='ocrx_word' id='word_1_176' title='bbox 969 2442 1180 2529; x_wconf 81' lang='lat' dir='ltr'><strong>ignoraverit,</strong></span> 
     </span>
     <span class='ocr_line' id='line_1_28' title="bbox 169 2521 1182 2613; baseline -0.001 -24"><span class='ocrx_word' id='word_1_177' title='bbox 169 2524 409 2607; x_wconf 82' lang='lat' dir='ltr'><strong>admittendam.</strong></span> <span class='ocrx_word' id='word_1_178' title='bbox 464 2521 571 2611; x_wconf 84' lang='lat' dir='ltr'><strong>Atque</strong></span> <span class='ocrx_word' id='word_1_179' title='bbox 602 2529 654 2589; x_wconf 81' lang='lat' dir='ltr'><strong>ita</strong></span> <span class='ocrx_word' id='word_1_180' title='bbox 668 2527 845 2613; x_wconf 81' lang='lat' dir='ltr'><strong>apostolica</strong></span> <span class='ocrx_word' id='word_1_181' title='bbox 864 2528 1052 2609; x_wconf 68' lang='lat' dir='ltr'><strong>austeritate</strong></span> <span class='ocrx_word' id='word_1_182' title='bbox 1073 2526 1182 2589; x_wconf 84' lang='lat' dir='ltr'><strong>decla-</strong></span> 
     </span>
     <span class='ocr_line' id='line_1_29' title="bbox 170 2610 1180 2694; baseline 0.002 -20"><span class='ocrx_word' id='word_1_183' title='bbox 170 2620 349 2674; x_wconf 64' lang='lat' dir='ltr'><strong>ramus-«aa</strong></span> <span class='ocrx_word' id='word_1_184' title='bbox 370 2610 557 2685; x_wconf 82' lang='lat' dir='ltr'><strong>definimus,</strong></span> <span class='ocrx_word' id='word_1_185' title='bbox 576 2621 621 2672; x_wconf 91' lang='lat' dir='ltr'><strong>-et</strong></span> <span class='ocrx_word' id='word_1_186' title='bbox 650 2614 689 2675; x_wconf 87' lang='lat' dir='ltr'><strong>ab</strong></span> <span class='ocrx_word' id='word_1_187' title='bbox 722 2614 871 2677; x_wconf 87' lang='lat' dir='ltr'><strong>omnibus</strong></span> <span class='ocrx_word' id='word_1_188' title='bbox 902 2614 1036 2694; x_wconf 86' lang='lat' dir='ltr'><strong>judicari</strong></span> <span class='ocrx_word' id='word_1_189' title='bbox 1066 2612 1180 2676; x_wconf 87' lang='lat' dir='ltr'><strong>debere</strong></span> 
     </span>
     <span class='ocr_line' id='line_1_30' title="bbox 170 2695 1180 2844; baseline -0.001 -81"><span class='ocrx_word' id='word_1_190' title='bbox 170 2696 480 2844; x_wconf 47' lang='lat' dir='ltr'><strong>mandarunt-apua</strong></span> <span class='ocrx_word' id='word_1_191' title='bbox 506 2695 697 2781; x_wconf 73' lang='lat' dir='ltr'><strong>¹[statuimus.</strong></span> <span class='ocrx_word' id='word_1_192' title='bbox 738 2698 956 2763; x_wconf 85' lang='lat' dir='ltr'><strong>Decernentes</strong></span> <span class='ocrx_word' id='word_1_193' title='bbox 987 2700 1113 2767; x_wconf 80' lang='lat' dir='ltr'><strong>irritum</strong></span> <span class='ocrx_word' id='word_1_194' title='bbox 1146 2711 1180 2762; x_wconf 91' lang='lat' dir='ltr'><strong>et</strong></span> 
     </span>
     <span class='ocr_line' id='line_1_31' title="bbox 169 2776 1179 2873; baseline 0.002 -29"><span class='ocrx_word' id='word_1_195' title='bbox 169 2780 286 2862; x_wconf 79' lang='lat' dir='ltr'><strong>inane,</strong></span> <span class='ocrx_word' id='word_1_196' title='bbox 313 2776 413 2867; x_wconf 76' lang='lat' dir='ltr'><strong>li&#39;qui</strong></span> <span class='ocrx_word' id='word_1_197' title='bbox 463 2778 550 2867; x_wconf 76' lang='lat' dir='ltr'><strong>secus</strong></span> <span class='ocrx_word' id='word_1_198' title='bbox 570 2803 589 2844; x_wconf 90' lang='lat' dir='ltr'><strong>a</strong></span> <span class='ocrx_word' id='word_1_199' title='bbox 613 2804 772 2872; x_wconf 86' lang='lat' dir='ltr'><strong>quoquam</strong></span> <span class='ocrx_word' id='word_1_200' title='bbox 793 2777 988 2873; x_wconf 68' lang='lat' dir='ltr'><strong>quecumque</strong></span> <span class='ocrx_word' id='word_1_201' title='bbox 1010 2783 1179 2863; x_wconf 81' lang='lat' dir='ltr'><strong>dignitate,</strong></span> 
     </span>
     <span class='ocr_line' id='line_1_32' title="bbox 170 2843 1178 2957; baseline 0.005 -28"><span class='ocrx_word' id='word_1_202' title='bbox 170 2869 358 2931; x_wconf 88' lang='lat' dir='ltr'><strong>anctoritate</strong></span> <span class='ocrx_word' id='word_1_203' title='bbox 393 2878 426 2929; x_wconf 91' lang='lat' dir='ltr'><strong>et</strong></span> <span class='ocrx_word' id='word_1_204' title='bbox 470 2843 620 2952; x_wconf 80' lang='lat' dir='ltr'><strong>poteliata</strong></span> <span class='ocrx_word' id='word_1_205' title='bbox 650 2870 794 2957; x_wconf 88' lang='lat' dir='ltr'><strong>praedito</strong></span> <span class='ocrx_word' id='word_1_206' title='bbox 831 2867 1004 2951; x_wconf 83' lang='lat' dir='ltr'><strong>contigerit</strong></span> <span class='ocrx_word' id='word_1_207' title='bbox 1037 2869 1178 2952; x_wconf 88' lang='lat' dir='ltr'><strong>judicari.</strong></span> 
     </span>
     <span class='ocr_line' id='line_1_33' title="bbox 169 2951 1179 3040; baseline -0.001 -24"><span class='ocrx_word' id='word_1_208' title='bbox 169 2951 751 3019; x_wconf 60' lang='lat' dir='ltr'><strong>Nonsabslantibua‘&#39;constitutionibus</strong></span> <span class='ocrx_word' id='word_1_209' title='bbox 772 2966 805 3018; x_wconf 91' lang='lat' dir='ltr'><strong>et</strong></span> <span class='ocrx_word' id='word_1_210' title='bbox 825 2954 1082 3019; x_wconf 86' lang='lat' dir='ltr'><strong>ordinationibus</strong></span> <span class='ocrx_word' id='word_1_211' title='bbox 1096 2976 1179 3040; x_wconf 85' lang='lat' dir='ltr'><strong>apo-</strong></span> 
     </span>
     <span class='ocr_line' id='line_1_34' title="bbox 169 3038 1179 3124; baseline 0.002 -22"><span class='ocrx_word' id='word_1_212' title='bbox 169 3039 318 3114; x_wconf 80' lang='lat' dir='ltr'><strong>stolicls‚·.=</strong></span> <span class='ocrx_word' id='word_1_213' title='bbox 331 3038 525 3124; x_wconf 85' lang='lat' dir='ltr'><strong>aliisquein</strong></span> <span class='ocrx_word' id='word_1_214' title='bbox 547 3042 742 3106; x_wconf 88' lang='lat' dir='ltr'><strong>contrarium</strong></span> <span class='ocrx_word' id='word_1_215' title='bbox 763 3039 954 3117; x_wconf 84' lang='lat' dir='ltr'><strong>facientibus</strong></span> <span class='ocrx_word' id='word_1_216' title='bbox 996 3042 1179 3104; x_wconf 83' lang='lat' dir='ltr'><strong>cibuscurn-</strong></span> 
     </span>
     <span class='ocr_line' id='line_1_35' title="bbox 170 3065 1180 3215; baseline 0.002 -29"><span class='ocrx_word' id='word_1_217' title='bbox 170 3146 242 3209; x_wconf 80' lang='lat' dir='ltr'><strong>que.</strong></span> <span class='ocrx_word' id='word_1_218' title='bbox 269 3123 376 3186; x_wconf 80' lang='lat' dir='ltr'><strong>·.tttutti</strong></span> <span class='ocrx_word' id='word_1_219' title='bbox 394 3142 474 3208; x_wconf 83' lang='lat' dir='ltr'><strong>argo</strong></span> <span class='ocrx_word' id='word_1_220' title='bbox 487 3124 632 3215; x_wconf 85' lang='lat' dir='ltr'><strong>omnino</strong></span> <span class='ocrx_word' id='word_1_221' title='bbox 655 3127 825 3215; x_wconf 84' lang='lat' dir='ltr'><strong>hominum</strong></span> <span class='ocrx_word' id='word_1_222' title='bbox 843 3129 954 3203; x_wconf 86' lang='lat' dir='ltr'><strong>liceat,</strong></span> <span class='ocrx_word' id='word_1_223' title='bbox 974 3065 1061 3190; x_wconf 53' lang='lat' dir='ltr'><strong>(lianc</strong></span> <span class='ocrx_word' id='word_1_224' title='bbox 1083 3129 1180 3213; x_wconf 77' lang='lat' dir='ltr'><strong>pagi-</strong></span> 
     </span>
     <span class='ocr_line' id='line_1_36' title="bbox 168 3209 1179 3292; baseline 0 -19"><span class='ocrx_word' id='word_1_225' title='bbox 168 3210 386 3273; x_wconf 67' lang='lat' dir='ltr'><strong>nummatas</strong></span> <span class='ocrx_word' id='word_1_226' title='bbox 407 3209 651 3292; x_wconf 75' lang='lat' dir='ltr'><strong>declarationis,</strong></span> <span class='ocrx_word' id='word_1_227' title='bbox 681 3211 907 3291; x_wconf 71' lang='lat' dir='ltr'><strong>delinitionis,</strong></span> <span class='ocrx_word' id='word_1_228' title='bbox 932 3212 1097 3289; x_wconf 81' lang='lat' dir='ltr'><strong>mandati,</strong></span> <span class='ocrx_word' id='word_1_229' title='bbox 1118 3213 1179 3273; x_wconf 80' lang='lat' dir='ltr'><strong>lta-</strong></span> 
     </span>
     <span class='ocr_line' id='line_1_37' title="bbox 168 3291 1179 3375; baseline 0.005 -20"><span class='ocrx_word' id='word_1_230' title='bbox 168 3295 448 3370; x_wconf 61' lang='lat' dir='ltr'><strong>tutiiacrdeeretip</strong></span> <span class='ocrx_word' id='word_1_231' title='bbox 459 3291 745 3375; x_wconf 61' lang='lat' dir='ltr'><strong>infringenea&#39;velt</strong></span> <span class='ocrx_word' id='word_1_232' title='bbox 757 3299 795 3360; x_wconf 82' lang='lat' dir='ltr'><strong>ai·</strong></span> <span class='ocrx_word' id='word_1_233' title='bbox 809 3303 884 3361; x_wconf 90' lang='lat' dir='ltr'><strong>ausu</strong></span> <span class='ocrx_word' id='word_1_234' title='bbox 905 3296 1076 3362; x_wconf 79' lang='lat' dir='ltr'><strong>temerario</strong></span> <span class='ocrx_word' id='word_1_235' title='bbox 1098 3318 1179 3360; x_wconf 90' lang='lat' dir='ltr'><strong>con-</strong></span> 
     </span>
     <span class='ocr_line' id='line_1_38' title="bbox 169 3380 1180 3469; baseline 0.006 -29"><span class='ocrx_word' id='word_1_236' title='bbox 169 3380 308 3442; x_wconf 54' lang='lat' dir='ltr'><strong>trairem·</strong></span> <span class='ocrx_word' id='word_1_237' title='bbox 321 3381 579 3469; x_wconf 61' lang='lat' dir='ltr'><strong>dinumeratam</strong></span> <span class='ocrx_word' id='word_1_238' title='bbox 601 3381 665 3445; x_wconf 88' lang='lat' dir='ltr'><strong>hoc</strong></span> <span class='ocrx_word' id='word_1_239' title='bbox 677 3394 832 3455; x_wconf 87' lang='lat' dir='ltr'><strong>attentare</strong></span> <span class='ocrx_word' id='word_1_240' title='bbox 845 3383 1098 3469; x_wconf 82' lang='lat' dir='ltr'><strong>praesumpserit,</strong></span> <span class='ocrx_word' id='word_1_241' title='bbox 1122 3384 1180 3446; x_wconf 89' lang='lat' dir='ltr'><strong>in-</strong></span> 
     </span>
     <span class='ocr_line' id='line_1_39' title="bbox 168 3463 1178 3552; baseline 0.004 -26"><span class='ocrx_word' id='word_1_242' title='bbox 168 3463 645 3552; x_wconf 73' lang='lat' dir='ltr'><strong>dignationem&#39;omiripotentis</strong></span> <span class='ocrx_word' id='word_1_243' title='bbox 664 3464 750 3548; x_wconf 79' lang='lat' dir='ltr'><strong>Dei,</strong></span> <span class='ocrx_word' id='word_1_244' title='bbox 782 3468 816 3531; x_wconf 86' lang='lat' dir='ltr'><strong>ac</strong></span> <span class='ocrx_word' id='word_1_245' title='bbox 842 3473 1009 3534; x_wconf 88' lang='lat' dir='ltr'><strong>beatorum</strong></span> <span class='ocrx_word' id='word_1_246' title='bbox 1029 3469 1117 3532; x_wconf 83' lang='lat' dir='ltr'><strong>Petri</strong></span> <span class='ocrx_word' id='word_1_247' title='bbox 1145 3480 1178 3531; x_wconf 89' lang='lat' dir='ltr'><strong>et</strong></span> 
     </span>
     <span class='ocr_line' id='line_1_40' title="bbox 167 3547 1177 3638; baseline 0.002 -25"><span class='ocrx_word' id='word_1_248' title='bbox 167 3547 275 3626; x_wconf 86' lang='lat' dir='ltr'><strong>Pauli,</strong></span> <span class='ocrx_word' id='word_1_249' title='bbox 295 3548 528 3638; x_wconf 75' lang='lat' dir='ltr'><strong>Apostolorum¹</strong></span> <span class='ocrx_word' id='word_1_250' title='bbox 544 3553 629 3635; x_wconf 82' lang='lat' dir='ltr'><strong>ejus,</strong></span> <span class='ocrx_word' id='word_1_251' title='bbox 648 3556 681 3617; x_wconf 88' lang='lat' dir='ltr'><strong>le</strong></span> <span class='ocrx_word' id='word_1_252' title='bbox 693 3557 840 3619; x_wconf 58' lang='lat' dir='ltr'><strong>*novarit</strong></span> <span class='ocrx_word' id='word_1_253' title='bbox 855 3551 1064 3627; x_wconf 78' lang='lat' dir='ltr'><strong>incursurum.</strong></span> <span class='ocrx_word' id='word_1_254' title='bbox 1107 3551 1177 3615; x_wconf 75' lang='lat' dir='ltr'><strong>lla-¹</strong></span> 
     </span>
     <span class='ocr_line' id='line_1_41' title="bbox 168 3633 1177 3724; baseline 0.004 -28"><span class='ocrx_word' id='word_1_255' title='bbox 168 3647 236 3701; x_wconf 80' lang='lat' dir='ltr'><strong>tarn</strong></span> <span class='ocrx_word' id='word_1_256' title='bbox 254 3633 399 3710; x_wconf 81' lang='lat' dir='ltr'><strong>:Romae,</strong></span> <span class='ocrx_word' id='word_1_257' title='bbox 427 3637 510 3724; x_wconf 91' lang='lat' dir='ltr'><strong>apud</strong></span> <span class='ocrx_word' id='word_1_258' title='bbox 530 3635 838 3714; x_wconf 80' lang='lat' dir='ltr'><strong>sanctum&#39;‚I&#39;etlirm‚</strong></span> <span class='ocrx_word' id='word_1_259' title='bbox 868 3660 954 3705; x_wconf 86' lang='lat' dir='ltr'><strong>anno</strong></span> <span class='ocrx_word' id='word_1_260' title='bbox 972 3641 1177 3704; x_wconf 85' lang='lat' dir='ltr'><strong>incarnatio·-</strong></span> 
     </span>
     <span class='ocr_line' id='line_1_42' title="bbox 167 3719 1175 3814; baseline 0.004 -30"><span class='ocrx_word' id='word_1_261' title='bbox 167 3719 450 3798; x_wconf 61' lang='lat' dir='ltr'><strong>nist-Dorninicae</strong></span> <span class='ocrx_word' id='word_1_262' title='bbox 484 3721 660 3789; x_wconf 86' lang='lat' dir='ltr'><strong>millesimo·</strong></span> <span class='ocrx_word' id='word_1_263' title='bbox 677 3725 948 3814; x_wconf 80' lang='lat' dir='ltr'><strong>·-quingenteflmo</strong></span> <span class='ocrx_word' id='word_1_264' title='bbox 966 3726 1175 3808; x_wconf 76' lang='lat' dir='ltr'><strong>‘sexagesimo</strong></span> 
     </span>
    </p>
   </div>
   <div class='ocr_carea' id='block_1_5' title="bbox 175 3894 613 3925">
    <p class='ocr_par' dir='ltr' id='par_1_5' title="bbox 175 3894 613 3925">
     <span class='ocr_line' id='line_1_43' title="bbox 175 3894 613 3925; baseline 0.005 -12"><span class='ocrx_word' id='word_1_265' title='bbox 175 3894 613 3925; x_wconf 40' lang='lat' dir='ltr'><strong>-P—-u-h-n—-u-q-—n</strong></span> 
     </span>
    </p>
   </div>
   <div class='ocr_carea' id='block_1_6' title="bbox 201 3944 811 4060">
    <p class='ocr_par' dir='ltr' id='par_1_6' title="bbox 201 3944 811 4060">
     <span class='ocr_line' id='line_1_44' title="bbox 201 3944 811 4060; baseline 0.003 -14"><span class='ocrx_word' id='word_1_266' title='bbox 201 3991 230 4059; x_wconf 76' lang='lat'><strong>2)</strong></span> <span class='ocrx_word' id='word_1_267' title='bbox 247 3944 293 4048; x_wconf 60' lang='grc'><strong>106</strong></span> <span class='ocrx_word' id='word_1_268' title='bbox 316 4009 366 4049; x_wconf 87' lang='lat' dir='ltr'><strong>om.</strong></span> <span class='ocrx_word' id='word_1_269' title='bbox 393 3988 483 4048; x_wconf 79' lang='lat' dir='ltr'><strong>Hard.</strong></span> <span class='ocrx_word' id='word_1_270' title='bbox 507 4010 542 4031; x_wconf 77' lang='grc'><strong>-’-</strong></span> <span class='ocrx_word' id='word_1_271' title='bbox 577 3994 607 4060; x_wconf 87' lang='grc'><strong>3)</strong></span> <span class='ocrx_word' id='word_1_272' title='bbox 625 3989 727 4048; x_wconf 77' lang='lat' dir='ltr'><strong>debent</strong></span> <span class='ocrx_word' id='word_1_273' title='bbox 751 3993 811 4048; x_wconf 84' lang='lat' dir='ltr'><strong>eod.</strong></span> 
     </span>
    </p>
   </div>
   <div class='ocr_carea' id='block_1_7' title="bbox 0 0 1268 4522">
    <p class='ocr_par' dir='ltr' id='par_1_7' title="bbox 0 0 1268 4522">
     <span class='ocr_line' id='line_1_45' title="bbox 0 0 1268 4522; baseline 0 2"><span class='ocrx_word' id='word_1_274' title='bbox 0 0 1268 4522; x_wconf 95' lang='lat' dir='ltr'><strong> </strong></span> 
     </span>
    </p>
   </div>
  </div>
 </body>
</html>
