2528 4522
14 206 17 213 ¹
182 255 258 335 206
325 249 419 351 App.
442 251 473 326 1.
494 251 541 324 ed
566 251 703 324 Concil
727 250 890 324 Trident.
946 254 1031 325 Sess.
1057 195 1178 328 XXV.
1224 299 1227 304 -

180 439 301 505 cesania
343 441 468 526 aliquot
487 438 674 523 personas,
719 459 798 524 qnae
832 437 1003 522 ¹qualitates
1044 441 1193 517 habeant,

178 529 266 612 juxta
307 525 562 587 carrliitutionem
597 518 762 585 Bonilacii
798 521 892 586 VIII.
934 545 1012 611 quae
1063 527 1192 611 incipit,

138 648 140 653 <
179 610 422 690 r)Statutttm.·
465 620 497 669 et
528 610 671 693 alioquin
704 609 742 670 ad
769 608 802 670 id
833 620 922 693 aptas
951 610 1191 688 defignari,·nt

178 708 304 780 praeter
327 692 507 756 ordinarios
536 695 681 755 locorum
721 695 763 754 iis
795 694 892 755 etiam
923 695 1047 777 polilrac
1080 700 1190 759 caulae

178 780 411 854 ecclesiasticae,
455 799 489 839 ao
524 780 724 863 spirituales,
768 774 799 839 et
833 779 871 839 ad
908 777 1014 841 sorum
1043 781 1190 842 ecclelia·

177 865 284 926 ilicum
313 867 532 949 pertinentes,
574 864 782 948 in‘partibua
811 863 1003 942 delegandae
1037 869 1188 927 ceramit-

177 961 294 1011 tentur.
349 948 407 1024 Et,
440 949 464 1008 fi
494 949 632 1032 aliquem
664 948 794 1009 interim
828 967 868 1009 ex
899 949 1068 1027 designatis
1101 954 1186 1014 mori

176 1034 366 1112 contigerit,
403 1032 560 1095 substituat
589 1032 769 1093 ordinarius
799 1032 864 1094 loci
885 1055 956 1095 curn
975 1036 1107 1096 consilio
1130 1038 1186 1099 σι’-

175 1120 274 1204 pituli
294 1119 392 1181 alium
414 1120 449 1181 in
479 1118 546 1199 ejus
573 1117 678 1179 locum
707 1137 804 1202 usqua
825 1117 862 1178 arl
886 1114 1024 1181 suturam
1046 1121 1187 1205 provin-

174 1204 306 1289 cialem,
324 1216 375 1264 aut
396 1202 613 1265 dioecesanam
633 1203 806 1280 synodum:
838 1206 883 1263 ita
903 1217 934 1264 nt
954 1203 1065 1266 lrabeat
1086 1227 1187 1291 quae-

175 1310 236 1375 que
266 1288 415 1350 dioecesrs
449 1298 582 1374 quatuor
610 1289 739 1364 sellem,
773 1298 827 1347 ant
856 1288 952 1350 etiam
976 1291 1084 1373 plnres
1103 1314 1209 1376 pro-s

118 1418 123 1425 ·
175 1377 261 1436 batos
283 1378 449 1459 personas,
482 1393 516 1434 ao
546 1383 580 1433 ut
610 1376 702 1456 supra
726 1373 940 1458 qualificatas3
972 1376 1085 1459 quibus
1119 1378 1184 1437 hn-

172 1459 312 1542 jusmodi
341 1463 449 1520 causae
479 1480 497 1518 a
530 1457 673 1541 quolibet
695 1459 818 1535 legato,
851 1459 901 1518 vel
926 1462 1056 1533 nuntio,
1085 1472 1182 1547 atque

172 1547 269 1606 etiam
299 1565 316 1605 a
348 1543 420 1607 sede
452 1541 616 1626 aposlolica
650 1543 907 1604 committantur:
938 1545 1082 1629 alioquin
1115 1548 1181 1631 poll

172 1629 420 1707 designationem
453 1625 586 1701 saetam,
616 1648 707 1710 quam
737 1628 835 1688 llatIm
858 1625 1118 1713 2⁹)eptta0pt30)
1140 1631 1178 1693 ad

170 1718 327 1777 intumum
344 1712 478 1775 Roman.
497 1725 583 1794 punt.
600 1711 825 1784 transmittant,
847 1710 1065 1790 delegationes
1080 1730 1179 1800 quae-

170 1820 303 1883 cumque
324 1800 459 1858 oliorum
480 1796 616 1877 judicum
639 1798 733 1882 aliiax,
768 1817 859 1881 quam
881 1798 953 1872 Itis,
975 1796 1084 1875 sactae,
1106 1801 1178 1863 sur-

169 1885 316 1967 reptitiae
337 1886 530 1944 censeantur.
561 1935 568 1946 ,
589 1877 752 1944 Admonet
773 1882 889 1943 dehinc
909 1887 1014 1947 sancta
1038 1887 1178 1966 synodus

168 1981 230 2029 tam
254 1968 454 2040 ordinarios,
487 1986 579 2051 quam
601 1967 684 2028 alios
704 1986 915 2052 quoscumque
935 1969 1069 2050 judiees,
1099 1977 1127 2044 ¹)
1142 1983 1176 2034 ut

168 2053 377 2115 terminandis
398 2052 510 2128 causta,
541 2063 654 2137 quanta
676 2052 746 2112 fieri
770 2056 897 2135 poterit
911 2054 1081 2129 brevitate,
1111 2056 1174 2116 llu-

168 2137 281 2211 dsant;
302 2160 335 2198 ae
358 2138 555 2216 litigaturum
578 2139 709 2211 artibus,
730 2140 782 2199 seu
804 2138 836 2197 in
856 2137 924 2198 litis
939 2141 1173 2216 constellatione,

132 2212 140 2229 ⁹
167 2223 218 2287 seu
249 2226 310 2284 alla
334 2235 422 2308 parte
444 2222 553 2302 judicii
576 2221 771 2297 differenda,
806 2221 909 2284 modis
942 2226 1087 2287 omnibus
1117 2238 1172 2287 aut

167 2310 298 2372 termini
320 2311 535 2393 praefixione,
572 2319 626 2369 aut
654 2307 850 2394 competenti
877 2308 941 2371 alia
968 2313 1092 2374 ratione
1115 2333 1174 2374 oe-

166 2405 304 2457 currant.

585 2514 662 2583 Car.
686 2515 750 2582 ΧῙ.

165 2621 384 2708 [Locutiones
405 2623 575 2770 precedam
596 2624 758 2690 bonorum
787 2627 843 2693 vel
854 2629 996 2716 jurium
1016 2626 1170 2719 eoeleste-

154 2707 320 2795 Jlt'corum
339 2729 403 2794 pro
416 2705 587 2773 ridentur:
617 2711 784 2796 quaedam
799 2712 924 2797 sactae
949 2714 1168 2799 irritantium]

222 2847 369 2927 dlagnam
397 2845 534 2907 ecclesiis
563 2846 739 2929 perniciem
760 2849 873 2913 afferre
894 2851 990 2929 solet,
1019 2876 1088 2916 cnm
1111 2877 1166 2917 ea-

165 2955 233 2996 rum
257 2937 351 3007 bona,
373 2930 601 3015 repraesentata
623 2934 766 3016 pecnnia,
787 2936 820 2996 in
844 2935 1048 3001 successorum
1071 2963 1165 3024 prae-

161 3020 314 3102 judicinm
336 3017 410 3078 aliis
432 3017 587 3081 locantur.
637 3014 754 3079 Omnes
776 3019 873 3099 igitur
897 3022 955 3083 lrae
977 3023 1166 3104 locationes,

161 3106 185 3165 li
206 3103 388 3188 anticipatis
411 3103 623 3164 solutionibus
642 3102 789 3182 fient31),
811 3107 991 3169 nullatenus
1012 3111 1045 3170 in
1070 3133 1165 3195 prae-

159 3188 309 3271 judicium
333 3185 536 3250 successorum
560 3189 683 3250 validae
705 3189 943 3269 intelligantur:
966 3215 1163 3281 quocumque

159 3274 304 3349 indulto,
335 3285 389 3334 aut
411 3274 584 3356 privilegio
608 3296 672 3335 non
703 3275 946 3338 olrllantetnec
980 3279 1163 3358 hujusmodi

158 3358 336 3420 locationes
348 3360 381 3419 in
391 3355 534 3420 Romana
546 3359 643 3435 curia,
667 3360 718 3422 vel
731 3373 821 3422 extra
840 3382 907 3423 eam
922 3365 1162 3433 confirmentur.

193 3576 1160 3655 QQMmmJMstmm-aoemfflmfflm*3fi

191 3650 259 3703 liant
275 3649 364 3704 Hard.

191 3779 221 3842 r)
240 3774 318 3830 Sexti
336 3776 416 3829 Decr-
435 3775 465 3830 L·
485 3777 505 3828 1·
525 3779 567 3830 m.
586 3783 612 3836 s.
632 3792 656 3831 c.
675 3784 718 3837 11.
735 3803 770 3813 -
806 3777 832 3842 ι)
851 3775 916 3830 sen.
936 3780 1042 3834 xxiv.
1060 3782 1092 3832 ae
1111 3798 1154 3833 re-

190 3847 273 3903 sorm.
293 3864 316 3904 e.
334 3855 376 3907 20.
396 3846 512 3913 Gregor.
533 3848 612 3901 Dect.
630 3847 660 3900 L.
678 3848 711 3900 ll·
737 3851 779 3903 tit.
799 3856 842 3909 14.
860 3866 884 3905 c.
902 3853 928 3910 5.
947 3867 971 3907 c.
991 3858 1042 3918 10,
1058 3857 1154 3913 riam,

190 3935 214 3974 o.
231 3927 258 3981 2.
277 3919 308 3979 1..
324 3920 346 3976 1.
365 3923 407 3974 tit.
423 3924 466 3981 38.
487 3935 510 3972 c.
524 3926 564 3977 12.
