2528 4522
199 266 274 339 208
358 250 453 349 App,
476 251 503 323 1³.
524 252 574 323 ed
595 249 922 324 eoncitffrident.
973 253 1057 323 Seff.
1081 252 1201 326 XXV.

198 437 397 503 tenuioribus
418 433 565 521 praesunt
585 433 741 512 ecclesiis,
768 437 857 519 large
886 436 1054 502 subvenire
1082 437 1120 499 ad
1144 436 1208 501 Dei

196 526 342 601 laudem,
361 535 454 607 atque
474 519 515 582 ed
536 521 691 605 pastorum
712 525 859 599 suorum,
881 526 936 610 qui
960 546 1018 610 pro
1041 525 1090 585 eis
1113 525 1206 587 iuvi·

195 613 317 692 gilant,
338 609 527 689 dignitatem
551 603 720 682 tuendam,
741 630 809 672 nou
831 622 1015 690 graventur.

604 773 682 839 Gir.
703 772 802 838 XIII.

195 883 353 967 [Quarta
372 878 597 967 funeralium
625 878 881 944 cathedralibus
910 880 964 944 vel
985 881 1204 968 parochiali.

452 961 515 1029 bus
534 965 678 1054 eeclefiie
697 964 941 1053 perscienter]

257 1094 409 1163 Decernit
430 1097 535 1158 sancta
556 1092 707 1179 synodus,
732 1108 766 1159 ut
784 1100 1031 1187 quibuscumque
1053 1100 1205 1178 inlocis,

191 1186 254 1270 jam
275 1196 349 1248 ante
369 1201 471 1243 annos
493 1179 717 1266 quadraginta,
749 1195 874 1268 quarte,
904 1206 981 1270 (puae
1007 1181 1204 1251 futteralium

192 1272 328 1346 dicitur,
348 1264 541 1340 cathedrali,
573 1278 626 1327 eut
647 1269 826 1351 parochiali
847 1272 991 1333 ecclesiae
1012 1269 1104 1332 solite
1128 1271 1215 1362 elseg

191 1355 354 1444 persolvi,
387 1372 421 1414 ac
454 1351 555 1435 postea
587 1346 687 1415 suerit
714 1374 756 1417 ex
788 1376 984 1440 quocumque
1015 1357 1204 1440 privilegio,

191 1443 267 1505 aliis
283 1435 497 1511 tnonasteriis,
520 1436 750 1521 hospitalibus,
771 1451 824 1501 aut
843 1443 1090 1568 quibuscumtpue
1120 1445 1204 1506 locis

191 1529 258 1615 piis
281 1520 434 1598 concessa,
454 1519 563 1582 eadem
587 1522 711 1606 posthac
733 1526 858 1604 integro
881 1527 959 1608 jure,
980 1537 1012 1586 et
1052 1525 1202 1605 ⁹)eadem

191 1613 359 1699 portione,
382 1627 461 1693 quea
481 1618 573 1667 antea
595 1609 730 1683 solebat,
755 1611 946 1686 cathedrali,
976 1611 1028 1682 seu
1053 1615 1203 1696 parocbi-

190 1698 237 1760 eli
264 1696 408 1761 acclesiae
439 1692 654 1774 persolvatur:
686 1714 753 1757 non
780 1696 967 1759 obstantibus
989 1699 1204 1761 concessioni-

190 1785 266 1859 bus,
287 1781 413 1862 gratiis,
433 1776 636 1859 privilegiis,
675 1778 791 1858 etiem,
813 1782 896 1845 mari
916 1803 1049 1864 magno,
1073 1805 1202 1848 nuncu-

174 1868 294 1955 patis,
316 1876 369 1929 aut
390 1861 464 1926 atila
485 1861 742 1951 quibuscumque.

597 2028 677 2095 Gur.
697 2027 800 2094 XIV.
844 2020 851 2027 ’

149 2216 154 2229 .
191 2162 469 2254 [Praescribitur
504 2160 831 2331 ratiobprocedepdi
850 2162 890 2228 iu
911 2163 1052 2231 clericor
1072 2189 1197 2233 conou-

591 2298 594 2309 .
627 2269 770 2312 suanos.

220 2394 223 2409 ¹
253 2393 359 2476 Quam
382 2407 490 2476 turpe,
511 2413 545 2454 ac
567 2391 755 2454 clericorum
777 2390 927 2466 nomine,
949 2390 1058 2476 quise
1080 2390 1195 2455 divino

189 2472 289 2551 cultui
310 2476 518 2552 addixerunt,
552 2477 590 2537 fit
611 2474 800 2556 iudignum,
828 2477 862 2537 in
883 2474 1103 2560 impudicitiae
1124 2483 1195 2542 sor-

187 2564 298 2636 dibus,
320 2560 545 2643 immundoque
566 2563 771 2622 concubinatu
796 2562 928 2638 versari,
950 2562 1026 2624 satis
1045 2583 1095 2624 res
1116 2563 1195 2646 ipso,

188 2645 350 2713 communi
372 2642 515 2705 fidelium
539 2646 682 2706 omnium
706 2645 897 2722 offensione,
919 2653 1104 2733 summoque
1125 2649 1194 2710 cle-

188 2733 295 2797 ricalis
317 2729 455 2793 militiae
476 2727 650 2805 dedecore,
673 2729 807 2792 testetur.
868 2730 911 2793 Ut
933 2733 1031 2812 igitur
1053 2732 1089 2793 ad
1112 2753 1193 2811 earn,

188 2840 280 2906 quam
304 2813 414 2890 decet,
445 2814 695 2888 continentiam,
727 2834 761 2876 ac
786 2818 869 2879 vitae
891 2818 1104 2897 integritatem
1127 2820 1192 2881 mi-

187 2905 276 2968 niliri
296 2903 438 2965 ecclesiae
455 2915 663 2975 revocentur;
695 2903 895 2988 populusque
920 2904 993 2964 binc
1015 2925 1070 2965 eos
1089 2907 1192 2984 iringis

187 2990 282 3065 discut
305 2987 464 3063 revereri,
493 2988 652 3072 quo'illos
673 2989 741 3050 vita
765 2987 959 3050 honestiores
983 2993 1191 3068 cognoverit:

187 3077 337 3162 probibet
371 3077 472 3137 sancta
510 3073 652 3156 synodus
688 3074 935 3158 quibuscumque
966 3075 1105 3151 clericis,
1150 3098 1192 3139 ne

188 3162 393 3234 concubinos,
424 3170 477 3221 aut
509 3159 587 3219 elias
616 3159 786 3235 mulieres,
821 3159 860 3221 de
882 3159 994 3244 quibus
1016 3159 1109 3244 possit
1132 3162 1192 3223 be-

187 3248 254 3308 beri
275 3245 410 3329 suspicio
434 3245 467 3305 in
487 3242 597 3317 domo,
632 3246 682 3305 vel
707 3257 818 3319 extre,
852 3244 1014 3319 detinere,
1046 3259 1191 3310 autrum

187 3331 230 3392 iis
249 3333 346 3392 ullam
358 3322 615 3392 consuetudinem
631 3329 747 3391 hebere
768 3329 921 3393 studeant:
944 3329 1088 3416 alioquin
1111 3354 1192 3415 poe-

179 3416 254 3489 nis,
276 3438 293 3477 a
315 3415 408 3478 lucris
428 3414 618 3489 centonibus,
648 3415 839 3476 vellicantis
861 3416 1055 3477 ecclesiarum
1080 3417 1192 3502 impo-

187 3502 274 3576 fitis,
294 3501 475 3585 puniantur.
520 3496 681 3579 Quodsi,
711 3502 966 3584 asuperioribua
986 3502 1120 3577 moniti,
1152 3507 1190 3564 ab

186 3587 230 3651 iia
250 3588 281 3647 se
299 3607 364 3647 non
385 3584 613 3659 abstinuerint3
635 3586 729 3646 tertia
753 3597 840 3670 parte
862 3584 1036 3664 fructuum,
1069 3591 1190 3650 obven-

75 3733 78 3739 ,
186 3674 330 3746 tionum,
350 3691 384 3730 ec
405 3685 617 3753 proventuum
642 3672 866 3732 beneficiorum
887 3676 1014 3734 suorum
1036 3695 1189 3757 quorum-

187 3779 339 3844 cumque,
373 3765 404 3817 et
435 3756 619 3839 pensionum
652 3756 723 3840 ipso
755 3750 838 3817 facto
860 3757 917 3818 fint
942 3759 1079 3841 privati,
1108 3780 1187 3844 (guae

188 3880 621 3898 W

220 3945 266 4008 39)
283 3942 390 4009 integro
408 3939 481 4005 jure,
499 3947 527 3988 et
544 3953 593 3985 om.
611 3936 699 3989 Hard.
710 3957 719 3999 ,·
741 3939 787 4013 γε.
807 3957 855 3989 om.
874 3942 941 4005 iuro:

217 4132 222 4145 Ι

72 4154 241 4256 -r
