2528 4522
171 259 251 330 314
385 241 478 341 App.
502 241 529 314 l.
553 244 602 315 ed
624 204 761 316 Goncil.
785 206 950 316 Trident.

55 478 60 491 ,
170 431 259 498 lunia
277 431 456 516 significent
475 430 578 496 libror
598 429 663 496 elle
681 428 846 495 adductos.
899 429 1003 496 Nemo
1024 450 1107 495 vero
1126 451 1188 495 au·

170 519 245 582 dect
266 520 401 596 librum,
433 541 527 607 quem
558 520 628 605 ipse
651 517 706 582 vel
728 518 812 580 alius
833 517 870 580 in
890 518 1056 580 civitatem
1076 517 1188 580 intru-

170 604 287 683 duxit,
320 605 418 668 alicui
447 603 619 687 legendum
647 603 792 682 tradere,
829 603 885 689 vel
918 604 1023 690 alique
1056 604 1186 668 ratione

169 692 344 769 alienare,⁸
360 701 414 754 aut
435 690 655 767 commodare,
685 689 748 771 nifi
767 686 884 752 ostenso
905 690 996 774 prius
1013 689 1118 764 libro,
1151 700 1186 752 et

169 777 280 839 habita
300 777 473 839 licentiae
504 777 652 863 personia
673 774 882 860 deputandis,
915 785 969 836 aut
1000 775 1060 836 ntfi
1083 784 1185 837 noto·-

167 862 365 939 riecoustet,
384 863 503 925 librum
523 864 587 946 jam
608 859 672 924 else
690 861 838 923 omnibus
859 858 1058 946 permissum.
1092 857 1184 924 Idem

168 967 295 1035 quoque
312 952 456 1012 servetur
484 950 523 1011 'ab
543 947 715 1029 heredibus
743 957 776 1009 at
798 948 1022 1023 executoribus
1052 945 1186 1008 ultima-

167 1052 241 1095 rum
261 1034 485 1110 voluntatum,
519 1044 556 1098 ut
576 1035 680 1096 libror
710 1053 729 1095 e
750 1025 909 1095 defunctis
930 1032 1084 1108 relictae,
1116 1033 1184 1096 sive

167 1137 280 1182 eorum
312 1119 454 1183 indicem
482 1119 553 1182 illia
579 1116 726 1206 personia
754 1115 946 1204 deputandis
967 1117 1123 1194 offerant,
1152 1126 1185 1180 et

54 1191 58 1213 '
167 1204 270 1267 abiis
290 1204 455 1269 licentiam
479 1205 662 1282 obtineant,
681 1203 868 1291 priusquam
890 1203 939 1265 eis
961 1212 1106 1280 utantur,
1129 1215 1187 1265 aut

164 1288 203 1352 in
225 1290 304 1353 aliae
323 1295 475 1378 personas
496 1309 692 1379 quacumque
723 1291 851 1353 ratione
880 1283 1087 1351 transferant.
1142 1287 1185 1354 Iu

164 1375 221 1438 hia
243 1387 350 1440 autem
367 1378 517 1440 omnibus
535 1389 567 1440 et
584 1373 717 1458 singulis
731 1396 835 1461 poene
846 1376 995 1438 statuatur
1013 1374 1067 1437 vel
1085 1374 1185 1438 amis·

165 1461 264 1524 fiunis
285 1463 454 1540 librorum,
476 1465 528 1526 vel
550 1464 624 1543 elia,
643 1461 780 1526 arbitrio
802 1459 988 1523 eorumdem
1010 1459 1185 1545 episcopo·

164 1567 257 1694 Ξυῖη,
280 1550 334 1614 vel
355 1549 599 1636 inquisitorum,
629 1568 691 1636 pro
713 1547 866 1636 qualitate
887 1544 1105 1609 contumaciae
1127 1547 1181 1611 vel

187 1634 288 1696 eicti.
1069 1689 1072 1693 .

164 1708 168 1718 ’
227 1716 317 1780 Circa
339 1740 418 1784 vero
439 1719 559 1796 libros,
593 1738 674 1807 quoa
702 1728 810 1805 patrea
839 1715 984 1803 deputati
1012 1716 1184 1781 examina-

163 1813 261 1878 runt,
293 1815 347 1866 aut
368 1815 608 1889 expurgarent,
640 1816 695 1868 aut
717 1827 758 1868 ex
785 1803 944 1884 urgendos
967 1804 1183 1878 tradiderunt,

160 1898 216 1948 aut
237 1889 334 1952 certis
355 1890 619 1963 conditionibus,
640 1901 677 1953 ut
696 1826 803 1954 curtlia
824 1890 1077 1967 excuderentur,
1099 1912 1184 1953 con·
1228 1888 1232 1895 '

162 1971 329 2053 cesserunt,
351 1974 506 2064 quidquid
527 1977 606 2039 illos
619 1975 753 2039 statuisse
766 1975 950 2053 constiterit,
972 1987 1038 2039 tam
1057 1976 1183 2039 bibliu-

160 2058 269 2145 polae,
292 2082 387 2149 quam
408 2063 505 2125 ceteri
523 2064 704 2126 observent.
748 2060 901 2125 Liberum
920 2074 1025 2123 tamen
1046 2062 1084 2124 fit
1102 2061 1183 2146 epi·
1213 2097 1216 2109 ι

161 2146 268 2230 scopis
290 2158 344 2210 aut
365 2148 605 2235 inquifitoribue
627 2146 851 2229 generalibus,
877 2145 1049 2210 facundum
1072 2143 1181 2209 facul-

159 2239 259 2294 tatem
282 2253 375 2320 quarn
396 2233 536 2313 habent,
555 2254 624 2297 ‘eoa
652 2237 751 2298 etiam
771 2235 894 2309 libros,
928 2233 983 2318 qui
1006 2233 1059 2295 hie
1081 2255 1181 2314 regu-

157 2312 204 2378 lis
227 2322 375 2402 permitti
396 2318 565 2397 videntur,
586 2320 770 2406 prohibere,
793 2320 891 2381 fihoc
912 2316 947 2380 in
969 2318 1035 2380 luis
1056 2320 1180 2400 regnis,

160 2413 215 2463 aut
237 2406 439 2488 provinciis,
470 2408 522 2468 vel
556 2406 751 2469 dioecefibua
780 2402 934 2490 expedire
955 2403 1179 2484 judicaverint.

159 2483 309 2550 Getarum
329 2491 482 2566 uomina,
514 2511 588 2553 cum
609 2491 767 2553 librorum
789 2492 845 2575 qui
865 2510 882 2550 a
907 2489 1051 2572 patribus
1073 2489 1179 2576 depu-

158 2573 236 2632 tatis
257 2575 386 2656 purgati
406 2577 497 2651 lunt,
530 2586 598 2635 tum
622 2595 734 2638 eorum
769 2578 883 2659 quibus
912 2574 964 2634 illi
994 2575 1179 2660 hanc-pro-

156 2655 299 2720 vinciam
320 2657 497 2735 dederunt,
528 2656 713 2721 eorumdem
743 2658 968 2742 deputatorum
988 2662 1178 2727 secretarius

157 2742 287 2804 notario
319 2746 422 2806 sacrae
453 2743 644 2807 universalia
673 2745 893 2831 inquisitionis
924 2741 1090 2810 Romanae
1118 2747 1177 2810 de-

155 2828 274 2912 scripta
296 2829 480 2893 sanctissimi
502 2829 627 2892 domini
648 2830 746 2892 nostri
765 2829 846 2913 julla
869 2828 1010 2894 tradidit.

143 2944 146 2953 ·
221 2910 275 2977 Ad
298 2926 479 2980 extremum
510 2935 590 2979 vero
622 2917 771 2979 omnibus
792 2916 941 2981 fidelibus
970 2913 1176 3001 praecipitur,

156 3020 199 3063 ne
222 3001 294 3087 quia
317 3001 430 3065 audeat
454 3012 565 3064 contra
589 2998 703 3078 harum
731 3002 912 3082 regularum
934 3001 1174 3086 praescriptum,

157 3096 212 3149 aut
235 3088 328 3170 hujus
346 3087 464 3151 indicia
487 3087 766 3173 prohibitionem,
782 3088 884 3150 libros
905 3090 1031 3174 aliquos
1054 3089 1175 3168 legere,

39 3244 41 3249 ,
156 3182 213 3232 aut
244 3173 371 3238 habere.
405 3167 523 3256 ‘Quod
556 3173 674 3260 liquis
700 3175 802 3237 libros
824 3175 1083 3251 haereticorum,
1118 3175 1173 3235 vel

156 3257 299 3339 cujusvis
320 3261 460 3322 auctoris
482 3258 609 3343 scripta,
632 3262 672 3321 ob
693 3259 858 3337 haeresim,
881 3263 933 3325 val
954 3258 1172 3337 ob'lallidog-

156 3343 253 3405 arratis
280 3346 492 3431 suspicionem
522 3344 669 3406 damnata
702 3357 797 3432 atque
828 3349 1008 3430 prohibita,
1043 3347 1171 3428 legerit,

57 3486 61 3499 ,
155 3429 222 3490 sav-e
245 3430 406 3508 habuerit,
435 3430 537 3494 statim
560 3430 596 3492 in
618 3431 961 3496 excommunicationis
979 3433 1172 3496 sententiam

126 3596 129 3602 .
153 3514 305 3578 incurrat.
350 3513 420 3594 Qui
441 3538 518 3580 vero
540 3516 641 3578 libros
662 3519 727 3580 alio
749 3519 883 3581 nomine
911 3519 1099 3582 interdictos
1120 3523 1172 3584 le-

126 3651 131 3660 .
154 3599 261 3681 gerit,
297 3612 351 3661 aut
373 3603 540 3681 habuerit,
568 3613 695 3689 praeter
717 3605 839 3688 peccati
867 3608 1014 3667 mortalis
1034 3617 1170 3686 reatum,

155 3709 219 3776 quo
234 3683 399 3761 «afficitur,
421 3688 541 3773 judicio
564 3689 789 3774 episcoporum
810 3695 921 3757 lovere
940 3690 1105 3779 puniatur.

495 3874 845 3907 w·-
