2528 4522
159 303 208 371 32
268 286 359 382 App.
384 283 413 355 Ι.
438 282 485 351 ad
510 277 647 348 concil.
673 276 837 348 Trident.
891 279 976 350 sets.
1003 276 1065 348 vl.

552 464 555 471 '
594 462 674 542 Gne.
692 457 736 524 ΙΙ.

159 598 282 687 [Nulli
310 592 512 679 beneficium
533 595 677 682 exigens
704 580 923 679 personalem
954 590 1179 678 restrientiam

158 684 329 751 obtinenti
356 681 466 771 abeffle
493 679 593 758 licet,
623 676 689 764 nifi
713 677 808 765 justu
839 674 881 740 de
902 679 1012 764 causo
1032 674 1079 740 ab
1101 678 1179 764 epi-

156 772 257 859 seopo
280 765 527 856 approbondn3
559 762 619 850 qui
648 774 724 826 tum
754 762 862 826 etiam
880 761 1074 841 vicarium,
1093 760 1178 847 lub-

159 857 266 921 dueta
288 849 621 941 partemcluunt,
641 845 848 1014 subflp'tuon
878 845 917 911 ob
939 870 1064 912 eurom
1092 846 1179 911 ani-

583 954 732 998 marum.

123 1038 127 1048 ⁸
220 1055 390 1143 Episcopis
406 1053 450 1134 11)
472 1051 662 1131 inferiores,
691 1053 824 1139 quaevis
855 1055 1009 1118 beneficia
1029 1055 1177 1118 ecclelia·

158 1143 229 1205 stica
247 1144 445 1227 personalem
470 1142 670 1205 relidentiam
694 1140 836 1223 dejure,
858 1140 922 1202 five
946 1141 1177 1205 consuetudine

159 1230 339 1310 exigentia,
368 1231 404 1291 in
425 1230 557 1290 titulum
578 1227 643 1290 five
665 1225 885 1289 commendam
906 1227 1109 1305 obtinentes,
1139 1229 1177 1289 ab

102 1322 106 1335 ’
158 1335 270 1378 eurum
292 1313 487 1392 ordinariis,
516 1304 782 1400 quemadmodum
812 1312 859 1374 eis
880 1333 939 1396 pro
963 1315 1049 1374 bono
1073 1314 1177 1377 ecele-

156 1401 270 1463 fiarum
290 1400 466 1480 regimine,
495 1411 527 1462 et
548 1399 656 1461 divini
677 1399 779 1460 cultus
801 1408 990 1478 augmento,
1017 1400 1176 1477 locorum,

157 1496 191 1548 st
214 1489 419 1572 personarum
449 1486 598 1570 qualitate
628 1489 775 1569 pensata,
808 1484 983 1568 expediens
1004 1484 1176 1565 videbitur,

52 1612 55 1617 ·
159 1573 352 1656 opportunis
380 1572 459 1654 juris
480 1570 787 1633 remediis-relidere
816 1580 984 1649 cogentur:
1027 1573 1175 1657 nullique

157 1657 400 1742 ¹¹¹)privilegia,
436 1659 490 1719 feu
519 1654 645 1719 indulta
672 1666 826 1740 perpetua
848 1656 974 1718 denen
997 1656 1175 1734 relidendo,

156 1756 211 1803 aut
231 1741 271 1804 de
291 1737 445 1803 fructibus
467 1743 503 1804 in
525 1741 664 1804 absentia
687 1740 920 1825 percipiendis,
949 1741 1173 1822 suffragentur.

154 1822 372 1908 Indulgentiis
388 1848 482 1902 vero,
506 1838 538 1889 et
555 1827 847 1911 dispensationibus
868 1828 1113 1911 temporalibus,
1132 1848 1176 1893 ex

60 1982 67 1991 ,
154 1914 262 1991 veris,
283 1922 315 1974 et
339 1913 582 1975 rationabilibus
605 1912 700 1972 caulis
722 1923 846 1975 tantum
870 1912 1038 1992 concellis,
1060 1925 1093 1975 et
1116 1935 1174 1977 eo-

153 2017 223 2060 ram
256 1997 420 2061 ordinario
440 1994 484 2075 ¹²)
505 1997 651 2078 legitime
678 1998 872 2082 probandis,
902 1999 937 2059 in
966 1997 1022 2060 luo
1055 2001 1173 2062 robore

152 2085 389 2168 permansuris:
422 2085 534 2169 quibus
567 2085 683 2144 eafibue
716 2082 934 2145 nibilominus
962 2082 1106 2148 officium
1135 2086 1172 2147 tit

155 2168 396 2254 episcoporum,
428 2179 587 2255 tunquam
620 2169 654 2230 in
674 2167 732 2228 hee
751 2180 842 2254 perte
871 2167 982 2231 slede
1002 2169 1171 2255 apostoliea

155 2253 392 2335 delegatorum,
414 2255 606 2339 providere,
632 2267 665 2314 ut
686 2274 743 2338 per
766 2253 1007 2337 deputationem
1030 2255 1171 2319 idoneo-

117 2364 125 2381 ·-
150 2359 221 2402 rum
253 2342 461 2416 vicariorum,
490 2352 522 2402 et
546 2360 703 2419 congruae
729 2341 891 2423 portionis
915 2336 1075 2404 fructuum
1096 2341 1171 2404 alli·

151 2427 358 2503 gnationem,
387 2446 459 2487 cura
482 2427 659 2489 arrimnrum
682 2427 864 2487 nullatenus
889 2427 1089 2507 negligatur:
1111 2449 1172 2490 ne·

152 2511 251 2584 ruini,
272 2509 374 2594 quoad
396 2509 468 2590 boc,
492 2511 688 2596 privilegio,
709 2512 763 2573 len
786 2512 994 2596 exemptione
1014 2534 1171 2600 quacum-

86 2649 90 2657 ,
153 2614 214 2679 que
236 2595 438 2675 suffragante.

485 2761 489 2767 ’
581 2799 658 2870 cn.
680 2800 741 2867 111.

151 2920 331 3023 [Excessus
355 2919 595 3008 saecularium
627 2925 849 3001 clericorum,
882 2937 916 2992 et
945 2928 1166 3015 regularium

151 3019 342 3094 agennum
355 3019 458 3073 extro
478 3007 700 3097 monasterio,
735 3009 778 3075 ab
800 3011 980 3077 ordinario
1001 3013 1069 3078 loci
1088 3037 1168 3080 cor-

557 3096 751 3181 rigantem]

212 3221 418 3288 Ecclefiarum
453 3228 587 3309 praelati
625 3227 663 3290 ad
701 3229 924 3312 corrigendum
965 3229 1163 3295 subditorum

148 3309 290 3372 excelsus
311 3311 504 3401 prudenter,
541 3335 575 3375 ac
597 3312 769 3396 diligenter
791 3315 975 3381 intendant:
1013 3329 1046 3379 et
1067 3340 1162 3380 nemo

148 3397 316 3458 laecularis
338 3398 483 3476 clericus,
502 3398 640 3481 cujusvis
662 3405 852 3487 personalis,
877 3404 927 3467 vel
947 3404 1104 3484 regularis
1120 3401 1163 3487 ¹⁵)
1194 3466 1196 3477 ἱ

148 3559 591 3574 m

182 3633 227 3698 11)
247 3633 375 3702 Episcopi
393 3637 450 3688 Dil·
475 3665 509 3676 -
551 3641 597 3707 12)
615 3639 672 3690 loci
696 3637 759 3693 odd.
783 3636 877 3695 Brix„
898 3637 988 3695 Virri,
1012 3638 1109 3696 libem.
1128 3667 1163 3681 -

182 3710 227 3772 13)
247 3706 426 3775 Corruperunt
444 3706 516 3760 bunc
534 3711 619 3762 locunt
637 3708 741 3776 lirim„
759 3709 849 3767 Vird„
874 3709 982 3775 libem„
1008 3728 1061 3764 non
1079 3711 1162 3763 intel-

96 3838 99 3849 Ι
175 3776 307 3917 pigrities,
333 3777 413 3830 verba
433 3780 554 3848 cujusvis
578 3780 731 3850 personalis
758 3780 797 3832 od
814 3799 870 3836 voe·
890 3783 1034 3853 l'liVfl08fl
1050 3781 1103 3853 ‘ff‘
1119 3801 1162 3836 ’θ’

197 3866 256 3899 eren
276 3867 302 3902 o.

180 3967 219 4033 ru)
238 3967 314 4020 Sexti
335 3968 416 4023 Decr.
434 3968 462 4021 L.
482 3971 501 4024 1.
523 3973 561 4022 tit.
572 3975 598 4028 3.
619 3985 678 4036 cap.
696 3973 740 4028 15.
