2528 4522
178 334 181 338 ,
230 254 232 259 “
297 254 494 327 Decretum
514 222 870 337 ·de.relormutione.‚
907 298 910 303 ·
1009 274 1081 355 193

67 443 127 502 bus
138 438 273 502 decretis
286 438 464 524 specialiter
480 434 529 519 2⁶)
546 439 731 516 camrttttts,
750 450 781 500 at
806 459 844 502 ue
863 439 1018 507 omnibus
1030 441 1079 524 ²⁷)

65 526 249 601 abbatibus,
282 547 316 586 uc
351 524 570 604 generalibus,¹
591 525 747 595 ,atentia
776 461 991 609 liparitanus
1023 551 1079 592 or·

66 612 179 674 diuum
200 610 473 694 supradictorum,
502 623 537 672 ut
554 609 662 673 statim
692 609 852 695 praedicta
870 627 1079 699 exaquantur.

65 695 106 757 Et
128 697 152 758 sr
174 697 250 782 quid
269 694 455 758 executioni
481 695 663 775 insudatum
683 717 750 756 non
770 695 826 771 lit,
854 698 1077 784 episcoporum

65 782 297 861 negligentiam
323 781 458 843 concilia
482 781 694 864 provincialia
715 782 900 864 l'uppleant,
932 795 963 846 et
983 806 1078 847 coer-

63 877 166 933 cemrl.
221 865 426 946 [tegolariam
439 886 525 927 tero
547 866 687 949 capitula
707 866 940 948 provincialia,
959 880 999 936 ,el
1019 890 1078 950 ge-

66 953 207 1023 neralin,
229 964 259 1012 ot
283 953 314 1012 in
337 948 496 1012 desectum
514 952 727 1037 capitulorum
751 953 948 1029 generalium
967 955 1078 1017 conci-

63 1039 108 1099 lia
135 1036 347 1121 provincialia
378 1056 436 1121 pet·
464 1035 707 1120 deputationum
729 1037 908 1124 aliquorum
937 1039 1077 1121 ejusdem

65 1123 192 1185 ordinis
223 1120 424 1206 provideant.
489 1120 644 1184 Hortatur
675 1120 772 1183 eliam
802 1124 906 1184 lancta
936 1124 1078 1204 synodus

64 1229 177 1271 omnes
199 1227 307 1288 rages,
329 1205 507 1290 principes,
525 1205 738 1292 respublicas,
760 1218 791 1268 et
812 1207 1023 1286 magistratus,
1045 1219 1078 1274 el

62 1293 99 1357 in
122 1294 242 1355 virtute
257 1297 380 1355 sanctae
396 1291 596 1354 obedientiae
613 1291 775 1376 praecipit,
801 1303 835 1352 nt
859 1294 960 1356 velint
983 1316 1077 1380 prae-

61 1376 157 1440 dictis
179 1377 357 1463 epil'copis,
388 1377 564 1454 abbatibus,
597 1398 630 1437 uc
653 1377 874 1456 generalibus,
906 1391 937 1440 et
960 1379 1075 1442 ceteris

62 1460 235 1549 praesectis
263 1463 299 1526 in
320 1461 466 1545 luparios
495 1472 663 1525 contentae
686 1457 926 1524 reformationis
957 1461 1076 1526 execu-

63 1549 154 1611 tione
186 1553 276 1612 lumn
308 1546 490 1622 auxilium,
536 1547 816 1613 etauctoritatem
857 1547 1076 1632 interponere,

62 1634 190 1719 ‹puotias
213 1631 344 1696 -suerint
376 1630 540 1717 roquilili;
571 1643 609 1695 ut·
633 1632 799 1699 lineullo
838 1630 1073 1718 impedimento

18 1794 22 1803 Ι
63 1718 232 1803 praemill'a
269 1730 355 1780 recte
380 1728 581 1804 exequentur
604 1716 643 1779 ud
674 1717 803 1782 lundam
829 1715 893 1782 Dat
920 1719 1076 1805 omnipo-

62 1808 172 1870 tentis.
591 1835 596 1847 ·

305 1969 493 2036 Decretum
516 1968 559 2033 cle
581 1965 840 2055 reformatione.

501 2131 579 2197 Gna.
599 2129 625 2197 Ι.

59 2247 305 2336 [Οανιίἱηαίεε,
338 2257 372 2310 et
399 2269 514 2312 omnes
535 2246 752 2333 eccleficrum
782 2248 939 2336 praelati
959 2251 1076 2315 mode·

51 2338 109 2422 sta
138 2329 350 2419 supellectili
384 2341 418 2394 et
448 2331 769 2418 menso‘tttnbturr
800 2331 1075 2421 consanguineos

50 2418 300 2508 familiaresve
310 2414 390 2499 suos
399 2418 443 2479 'ex
454 2413 550 2480 bonis
567 2414 797 2504 eccltfinstz'cis
810 2438 876 2479 non
888 2421 1073 2505 aegeone]

90 2526 93 2532 ¹
127 2535 307 2623 Optandmn
338 2534 395 2612 est,
427 2535 531 2619 otii,
565 2537 620 2622 qui
651 2535 1073 2620 episcopaleminilierimn

56 2627 252 2709 suscipiunt,
275 2642 352 2707 quae
373 2627 445 2683 luae
469 2622 527 2684 fiat
549 2635 667 2707 partes,
688 2626 874 2701 agnoscant3
897 2623 1073 2688 cotenon

58 2710 99 2773 ad
122 2708 250 2794 propria
273 2711 455 2784 corrtmotla,
476 2729 540 2788 non
563 2706 776 2787 addititius,
797 2718 850 2767 aut
865 2709 995 2783 ,luxuria
1016 2711 1071 2773 led

59 2796 98 2859 ad
131 2797 276 2869 labores,
317 2807 349 2853 et
376 2793 600 2861 l'olicitndines
631 2815 689 2877 pro
710 2791 772 2855 Dei
805 2791 906 2871 gloria
938 2807 1071 2857 vocatos

60 2880 124 2944 else
147 2881 342 2957 intelligant.
384 2877 489 2955 nnec
509 2879 595 2940 enim
617 2878 826 2941 dubitandum
849 2878 902 2953 att,
936 2890 968 2938 et
990 2880 1072 2940 fido·

59 2968 108 3028 les
136 2966 277 3048 reliquos
309 2964 345 3023 ad
384 2965 591 3042 religionem,
630 2962 912 3045 irrtrooenlimnque
944 2957 1096 3024 facilius·

22 3053 27 3065 '
58 3048 327 3124 inflmnmandos,
358 3049 382 3108 li
413 3052 609 3132 praepolitos
645 3051 717 3109 l'uos
748 3048 890 3108 viderint
923 3069 989 3108 non
1024 3069 1071 3123 ea,

60 3156 140 3222 quae
162 3134 275 3196 trrurrdi
290 3137 381 3208 l'unt,
412 3135 463 3196 led
487 3136 662 3196 animarum
680 3133 833 3208 l'alutem,
856 3152 890 3191 ao
910 3133 1069 3195 coelellem

58 3221 196 3308 petriam
216 3220 402 3297 cogitantes.
445 3216 547 3280 'Haec
576 3238 646 3279 curn
669 3218 706 3280 ed
728 3216 955 3280 restituendam
969 3219 1071 3280 eccle-

58 3305 206 3368 liasticam
233 3305 448 3388 ‘disciplinam
481 3304 649 3388 praecipua
690 3300 765 3363 elie·
788 3306 902 3362 l'anctn'
928 3302 1069 3380 l'yn'odus

58 3390 308 3459 animadvertam
332 3387 481 3450 admouet
503 3391 669 3472 episcopos
695 3408 825 3461 onmes,
858 3398 891 3447 ut
913 3391 1014 3450 l'ecum
1033 3410 1070 3451 en

59 3480 153 3561 luepe
176 3475 384 3550 meditantes,
412 3470 504 3535 sactis
526 3475 621 3535 etiam
644 3473 737 3557 iplis,
769 3492 804 3533 ac
826 3473 909 3533 vitae
932 3475 1070 3535 actioni-

60 3563 137 3639 bus,
172 3552 254 3646 q‘uod
286 3560 325 3620 att
356 3559 457 3631 velati
479 3569 667 3644 perpetuum
689 3555 1099 3643 quoddam·praedicandir

60 3667 170 3728 genus,
201 3652 230 3709 lte
252 3646 377 3706 nmneri
399 3649 455 3706 l'uo
478 3641 659 3706 confortares
683 3641 869 3705 ostendant:
895 3643 930 3705 in
953 3645 1068 3729 primis

60 3771 496 3788 W

95 3834 141 3899 26)
158 3832 339 3901 spiritualiter
361 3828 445 3891 Vird„
463 3827 555 3880 libent.
576 3855 610 3866 -
645 3828 691 3892 27)
709 3823 836 3879 erunibus
854 3845 903 3882 oar.
922 3825 996 3876 eard.

95 3938 125 4003 y)
143 3935 209 3993 Seli.
228 3938 320 3991 XXll.
340 3935 503 3988 derelorm.
522 3954 545 3994 e.
563 3946 588 3996 1.
610 3939 638 3988 in
657 3939 744 4004 princ.

143 4033 185 4097 tl.
811 4028 839 4090 N
