2528 4522
186 300 263 385 306
407 293 503 395 App.
524 295 553 369 s
573 296 623 368 ed
642 292 781 367 Concil.
804 291 971 367 Trident.

145 548 152 572 ⁶
187 487 241 548 sus
262 490 367 568 p'ateat
393 478 434 543 ad
455 475 603 544 easdem:
632 490 670 544 ut
698 478 741 543 fio
768 499 788 543 a
813 476 953 567 publicis
972 485 1007 540 et
1036 470 1214 540 mundanis

188 566 410 654 conspectibus
440 569 620 651 separatae,
652 566 788 630 omnino
820 565 943 638 servire
971 561 1042 625 Deo
1077 563 1214 625 valeant

188 655 344 731 liberius,
375 663 419 730 et,
451 649 643 715 lasciviendi
663 648 915 738 'opportunitate
936 648 1073 718 sublata,
1100 647 1212 712 eidem

188 740 285 804 corda
307 743 361 803 lua
381 749 415 802 et
435 758 571 824 corpora
599 737 637 799 iu
666 738 757 800 omni
777 735 987 800 sanctimonia
1016 733 1213 813 diligentius

172 824 354 890 -cosiodire
398 822 499 901 Sane,
527 835 564 886 ut
593 823 657 903 hoc¹
680 824 817 886 salutare
836 822 982 884 statutum
1003 817 1211 882 commodius

189 912 297 975 valeat
316 908 500 987 observari,
520 907 690 972 districtius
709 908 915 982 inhibemus,
935 926 976 968 ne
997 906 1032 967 in
1050 905 1213 967 monaste-

189 997 250 1059 riis
272 993 442 1072 ordinum,
470 1014 539 1057 non
560 992 831 1071 Mendicautium,
861 993 986 1078 aliquae
1007 991 1212 1076 recipiantur

186 1080 230 1144 de
252 1091 358 1144 cetero
379 1080 416 1144 in
438 1083 582 1158 sorores,
616 1079 677 1142 nisi
704 1091 783 1166 quot
813 1088 966 1164 poterunt
995 1075 1035 1138 de
1062 1078 1211 1160 ipsorum

188 1165 453 1232 monasteriorum
476 1165 590 1241 bouis,
610 1164 677 1229 sive
697 1166 910 1250 proventibus
931 1165 1048 1248 absque
1070 1164 1211 1247 penuria

187 1251 372 1319 sustentatio
393 1251 418 1314 si
436 1254 524 1316 secus
547 1261 653 1339 autum
669 1240 785 1329 suerit,
814 1251 945 1313 irritum
966 1247 1189 1313 decernentes.

129 1355 136 1362 ’
252 1353 380 1417 Verum
400 1350 525 1438 quando
546 1349 697 1416 abbatissa
723 1353 778 1415 vel
823 1349 949 1415 riorissa
971 1349 1113 1433 cujusvis
1132 1370 1211 1412 mo-

187 1439 336 1516 naslerii,
358 1459 418 1523 pro
441 1433 560 1515 feudo,
585 1436 672 1524 qood
692 1373 915 1501 mereseium
936 1438 1041 1522 ipsum
1059 1446 1148 1498 tenet
1170 1437 1210 1497 ab

188 1526 299 1611 aliquo
321 1523 487 1609 principe,
517 1526 572 1585 seu
605 1521 740 1584 domino
769 1522 962 1607 temporali,
992 1520 1050 1582 sibi
1078 1520 1210 1585 debebit

94 1621 97 1627 '
189 1609 378 1694 homagium
399 1609 460 1670 ¹vel
492 1606 661 1670 fidelitatis
687 1605 917 1683 sacramentum
948 1605 1101 1692 praestare
1131 1609 1210 1686 (nisi

188 1694 274 1781 quod
299 1713 357 1778 per
381 1703 622 1777 procuratorem
653 1690 737 1771 illud
766 1693 919 1778 praestet,
955 1691 1050 1777 possit
1081 1691 1209 1755 efficere

187 1778 271 1864 apud
293 1780 380 1854 eum)
400 1776 441 1840 de
461 1775 650 1840 monasterio
671 1797 743 1839 cum
775 1778 903 1842 bonella
934 1787 966 1838 et
996 1776 1125 1841 decenti
1152 1781 1210 1841 lo-

87 1856 92 1866 ’
187 1867 304 1927 rietate
323 1864 414 1925 exire
436 1862 564 1946 poterit
585 1882 626 1925 eo
647 1865 717 1925 casu
738 1862 893 1941 licenter,
923 1863 1077 1943 homagio
1109 1860 1209 1941 sacto,

115 1967 120 1977 ¹
210 1970 284 2012 uam
312 1949 457 2034 primum
484 1946 654 2012 commode
674 1950 816 2034 poterit,
847 1955 901 2014 seu
923 1948 1090 2012 fidelitatis
1110 1971 1209 2035 prae-

186 1970 258 2099 sito
279 2032 490 2111 sacramento,
522 2032 562 2096 ad
583 2034 692 2119 ipsum
711 2035 935 2099 monallerium
957 2054 975 2097 e
996 2034 1130 2116 vestigio
1153 2057 1209 2098 re-

186 2124 337 2184 versura:
368 2119 430 2196 sic,
482 2118 546 2183 uod
564 2117 601 2182 iu
613 2115 768 2183 'fraudem
789 2118 988 2199 residentiae,
1007 2120 1074 2185 sive
1093 2142 1208 2185 morae

186 2205 372 2283 clauslralis,
391 2139 480 2268 nibis
498 2204 553 2267 fiet
574 2205 721 2269 omniuo.

173 2366 175 2373 Ι
251 2290 365 2370 l‘orro,
391 2310 434 2354 ne
454 2290 614 2365 moniales
634 2294 758 2355 causam
777 2293 831 2354 seu
854 2289 1048 2354 occasionem
1067 2290 1208 2357 habeant

186 2375 363 2462 evagandi,
394 2375 559 2462 principes
581 2377 757 2440 laetulares
776 2398 811 2438 oe
833 2377 916 2439 alios
944 2375 1092 2441 dominos
1126 2393 1207 2442 tem·

185 2465 316 2549 porales
337 2481 499 2539 rogamus,
519 2462 713 2546 requirimus
734 2472 768 2525 et
786 2464 985 2525 obsecramus
1001 2484 1060 2549 per
1081 2465 1206 2528 viscera

184 2544 423 2611 misericordiae
443 2543 517 2607 Jelu
536 2544 669 2624 Christi,
694 2546 815 2610 eisdem
836 2549 871 2610 in
893 2546 1110 2612 remissionem
1128 2572 1208 2637 pec-

184 2631 344 2694 caminum
365 2628 583 2691 nih'rlominus
597 2630 779 2708 suadentes,
808 2633 893 2717 qood
920 2633 1086 2697 abbatissas
1107 2636 1207 2722 ipsas,

184 2727 219 2780 et
241 2712 425 2802 priorissas,
446 2734 481 2776 ac
504 2714 665 2779 moniales
687 2738 916 2804 quaecumque,
940 2720 1207 2786 monasteriorum

27 2828 31 2841 ·
84 2833 94 2838 ·
182 2802 313 2867 suorum
336 2821 461 2876 curam,
492 2799 818 2879 administrationem,
850 2807 1023 2886 negotiare
1044 2819 1205 2886 gerentes,

183 2889 435 2976 quibuscumque
455 2887 643 2953 nominibus
665 2894 869 2962 censeantur,
904 2912 961 2976 per
977 2905 1204 2975 procuratores

182 2976 220 3038 in
241 2973 306 3038 suis
329 2971 541 3055 tribunalibus
565 2976 618 3036 seu
644 2975 742 3038 curiis
768 2975 902 3055 litigare
919 2977 1128 3060 permittant:
1159 3002 1203 3045 ne

185 3082 247 3147 pro
270 3056 498 3122 constituendis
520 3062 783 3144 procuratoribus
795 3059 866 3146 (qui
887 3060 1069 3144 adornati*)
1083 3066 1119 3128 in
1137 3066 1204 3126 ali-

94 3150 101 3160 ’
183 3147 298 3232 quibus
322 3145 464 3230 partibus
485 3150 724 3230 nuncupantur)
745 3151 799 3211 seu
818 3146 893 3208 aliis
907 3147 1103 3229 hujusmodi,
1126 3171 1202 3213 eas-

181 3233 256 3292 dem
280 3240 428 3318 oporteat
456 3229 598 3308 evagari.
657 3229 694 3293 Si
718 3234 773 3316 qui
800 3253 878 3294 vero
902 3239 1011 3296 eontra
1033 3240 1202 3320 praesum-

180 3316 297 3393 serint,
328 3315 553 3378 exhortationi
579 3313 763 3397 lrujusmodi
793 3317 978 3381 rationabili
1010 3336 1103 3406 atque
1124 3326 1201 3386 san-

180 3410 257 3463 ctae·
280 3402 504 3486 obtemperare
530 3399 700 3479 nolentes,
731 3402 865 3464 comsit
896 3403 960 3486 juri
991 3407 1199 3485 contrarium,

179 3483 265 3573 quod
287 3487 441 3549 mulieres
463 3487 669 3570 (praesertim
691 3488 875 3567 religiosae)
903 3511 963 3573 per
989 3493 1106 3576 seipsae
1126 3495 1200 3557 liti-

177 3590 255 3654 gare
276 3583 448 3650 rogantur,
468 3583 501 3633 et
521 3591 540 3634 a
560 3571 614 3634 via
635 3571 743 3636 deviet
758 3573 941 3650 honestetis,
963 3587 995 3637 et
1016 3580 1197 3662 pericolum
1247 3613 1251 3618 =

179 3659 360 3721 animarum
382 3655 529 3734 inducat,
561 3656 599 3719 ad
622 3656 687 3720 boc
707 3679 767 3744 per
786 3662 860 3723 suos
882 3659 1065 3726 ordinarios
1089 3668 1195 3728 eccle-

177 3742 311 3807 siaslicos
339 3743 468 3803 censura
495 3741 692 3807 ecclesiastica
727 3746 973 3829 compellantur.
1024 3747 1195 3835 Episcopis

176 3843 300 3907 autem,
330 3836 363 3891 et
394 3825 470 3889 aliis
498 3827 651 3911 praelatis
677 3832 897 3914 superioribus
926 3843 960 3896 et
980 3829 1193 3901 inferioribus

180 3944 621 3961 ——na———n——n-

209 3996 235 4065 *)
254 4000 337 4054 Aliae
353 3999 432 4052 editt.
450 4005 558 4059 cornatl
576 3999 614 4062 ol.
633 4004 762 4059 atolnati.
