2528 4522
120 250 197 323 330
283 214 287 223 '
349 229 442 330 App.
465 229 513 300 11.
538 225 755 317 art-Prosus.
776 229 893 323 niuei,

595 423 657 494 111.
675 480 680 491 .

123 555 276 625 &nones
299 552 411 641 super
437 549 505 616 abu
519 548 595 616 rbus
626 548 847 617 decrementi
868 548 1018 615 Ordinis
1047 554 1137 614 esu·
1194 565 1200 577 ·

120 638 283 708 minandi
299 662 321 703 a
339 658 475 703 reveren
503 634 556 725 iffi
570 632 740 701 Patribus
756 634 904 700 Concilii
922 633 1139 702 Tridentini.

158 794 161 801 ·
183 762 212 826 Ι.
234 761 276 825 Ut
298 771 431 848 eaquae
453 760 533 822 alias
552 759 588 821 in
609 759 668 823 hac
688 759 792 821 sanctu
805 755 936 838 Synodo
959 756 999 820 de
1021 768 1136 834 aetate,

121 850 285 924 moribus,
313 848 491 909 litterarum
520 844 651 908 scientia
673 842 904 929 Episcoporum
929 842 1038 907 statuta
1061 842 1135 906 sunt

121 935 234 1017 majori
249 954 319 995 cum
335 927 437 993 fructu
456 931 655 995 exsecutioni
671 930 912 1004 demandentur,
935 939 967 990 et
988 932 1134 991 summus

121 1014 273 1083 Pontifex
295 1018 334 1079 de
348 1015 646 1079 Promovendorum
667 1015 872 1101 qualitatibus
893 1015 995 1092 magis
1017 1028 1135 1089 certus,

119 1105 262 1169 securius
286 1104 392 1166 valeat
420 1101 611 1188 providere,
649 1101 754 1162 statuit
773 1103 873 1162 sancta
895 1099 1069 1178 synodus,
1090 1111 1136 1160 'ut

122 1189 312 1276 quicumque
333 1186 477 1250 Ecclesiis
499 1186 749 1262 cathedralibus,
770 1185 1050 1268 metropolitanis,
1073 1205 1135 1269 pa-

120 1275 364 1348 triarchalibus,
397 1272 632 1357 primatialibus
654 1292 673 1333 a
693 1268 993 1346 tuamnol‘onrifice,
1016 1270 1136 1356 quovis

121 1360 220 1422 titulo
241 1360 295 1422 vcl
308 1357 440 1420 nomine
454 1356 670 1442 praeficiendi,
693 1376 827 1442 quorum
840 1356 957 1418 notitia
973 1366 1028 1416 aut
1041 1353 1134 1417 nulla

120 1457 177 1507 aut
195 1464 304 1507 recens
323 1443 358 1505 in
375 1441 471 1505 Curia
492 1439 608 1517 suerit,
637 1447 769 1527 propter
792 1441 1029 1503 instructionem
1052 1460 1135 1538 quae

123 1528 163 1593 de
184 1529 238 1591 his
258 1528 294 1592 in
316 1529 459 1612 partibus
479 1547 498 1588 a
518 1525 611 1591 Sedis
623 1526 811 1611 apostolicae
824 1525 953 1606 Legatis
975 1530 1028 1589 seu
1043 1524 1135 1588 buu-

91 1656 95 1665 ·
123 1614 184 1676 ciis
209 1615 353 1677 habenda
374 1613 456 1690 erit,
484 1611 521 1675 in
542 1612 658 1698 primis
678 1633 785 1674 coram
800 1608 1055 1697 Archiepiscopo
1080 1611 1136 1672 vel

121 1697 282 1782 Episcopo
304 1697 426 1761 seniori
444 1697 711 1781 comprovinciali
725 1696 874 1759 omnibus
887 1696 956 1758 illis
968 1696 1136 1782 qualitati·
1185 1692 1188 1701 ¹

122 1784 191 1855 bus,
213 1803 293 1868 quae
313 1803 331 1844 a
351 1787 455 1845 sancta
476 1780 608 1862 Synodo
631 1791 663 1844 et
686 1782 767 1844 alias
786 1782 822 1844 in
847 1781 895 1844 eis
918 1783 1136 1866 requiruntur,

122 1872 156 1932 se
177 1866 338 1952 praeditos
356 1866 420 1929 esse
440 1871 575 1951 probare
596 1865 731 1931 omnino
746 1877 925 1930 teneantur.
969 1866 1011 1927 Ut
1028 1878 1138 1930 autem

80 2014 83 2021 ,
122 1953 187 2014 hoc
208 1948 334 2015 facilius
354 1951 429 2015 fieri
448 1954 552 2037 possit,
575 1952 702 2017 mandat
720 1956 821 2017 sancta
835 1949 995 2031 synodus,
1019 1949 1137 2014 utAr-

122 2037 356 2123 chiepiscopus,
379 2038 433 2100 vel
453 2058 492 2100 eo
516 2041 640 2101 absente
657 2041 709 2101 seu
723 2037 892 2124 impedito,
914 2041 967 2101 seu
983 2038 1010 2115 .fi
1025 2034 1139 2100 Eccle-

121 2123 463 2209 liaannetropolitanae
475 2123 513 2185 s1t
524 2122 770 2208 providendum,
789 2120 966 2208 Episcopus
983 2140 1140 2207 compro·

121 2209 274 2271 vincialis
304 2209 411 2272 sanior
441 2209 495 2271 vel
516 2209 673 2286 vicinior,
705 2208 828 2294 quando
849 2206 984 2270 Ecclesia
1015 2228 1136 2270 vacans

122 2292 410 2378 Metropolitanum
424 2315 488 2356 non
502 2296 606 2370 habet,
628 2304 664 2356 ut
680 2293 971 2377 sedisapostolicae
983 2290 1137 2373 delegati,

37 2434 47 2445 .
122 2400 141 2440 a
163 2379 386 2443 l‘romoveudo
415 2381 566 2464 requisiti,
587 2379 708 2441 litteris
730 2381 794 2442 suis
808 2377 956 2464 Capitulo
979 2377 1137 2441 Ecclesiae

122 2463 269 2527 viduatae
290 2464 478 2540 committat,
504 2477 538 2527 ut
550 2484 678 2538 nomen,
696 2486 886 2545 cognomen,
908 2465 1044 2549 patriam
1063 2465 1135 2542 ejus

123 2551 180 2634 qui
202 2548 428 2633 praeficiendus
440 2550 496 2626 est,
524 2550 629 2633 prima
641 2547 811 2612 Dominica
825 2551 860 2611 in
879 2549 1055 2611 cathedrali
1067 2547 1134 2611 Ec-

120 2633 212 2695 clesia
243 2654 278 2696 ac
308 2635 457 2696 omnibus
488 2634 724 2719 parochialibus
752 2633 900 2696 Ecclesiis
932 2635 1073 2697 civitatis
1102 2646 1135 2697 et

119 2717 296 2798 insignibus
325 2718 485 2782 Dioecefis
512 2740 554 2782 ex
583 2717 720 2799 suggestu
750 2718 1004 2783 denunciandum
1033 2731 1134 2797 curet,

122 2803 285 2890 edictaque
307 2805 343 2868 in
365 2805 468 2868 valvis
490 2803 643 2869 Ecclesiae
663 2805 790 2886 majoris
810 2817 842 2868 et
862 2808 1006 2881 aliarum,
1028 2806 1052 2866 fi
1071 2826 1134 2867 ex-

119 2889 232 2976 pedire
245 2889 415 2969 videbitur,
435 2890 607 2973 insignium
617 2888 822 2955 Ecclesiarum
835 2891 931 2972 affigi,
952 2892 1063 2976 ibique
1075 2912 1135 2976 pec

121 2975 304 3060 quindecim
327 2975 394 3038 dies
408 2976 577 3040 continuos
595 2979 762 3062 sequentes
778 2974 872 3039 affixa
887 2978 988 3039 teneri
1004 2976 1134 3053 studeat,

121 3062 235 3145 quibua
249 3084 315 3124 non
325 3060 422 3123 modo
435 3073 623 3126 moueantur
635 3057 775 3126 Abbates
792 3075 824 3124 et
835 3059 1135 3146 Archipresbyteri,

122 3147 179 3231 qui
198 3149 271 3209 sunt
286 3147 320 3208 in
335 3147 488 3222 Dioecesi,
511 3159 544 3210 ut
565 3170 603 3210 eo
617 3149 672 3232 qui
685 3148 909 3233 praescribitur
919 3148 971 3209 die
985 3148 1135 3210 examini

121 3228 287 3307 intersint,
318 3231 371 3294 sed
401 3233 495 3294 etiam
517 3243 581 3294 tam
603 3232 662 3316 ipfi
683 3253 774 3317 quam
795 3235 949 3318 populus,
984 3232 1133 3295 omnium

122 3333 201 3397 quae
222 3316 400 3399 peragenda
420 3318 501 3394 sunt,
524 3318 704 3403 plenissime
725 3318 911 3395 instruatur,
947 3329 981 3381 ut
1004 3337 1133 3396 omncs,

121 3400 145 3458 si
167 3399 241 3481 quid
264 3403 382 3465 habent
401 3400 550 3464 adversus
568 3403 673 3486 ipsum
693 3400 963 3479 Promovendum‚
984 3403 1042 3487 ipss
1060 3400 1133 3465 Ar·

121 3482 327 3570 chiepiscopo
345 3492 397 3551 seu
417 3487 588 3573 Episcopis
610 3487 710 3549 libere
725 3486 927 3570 patefaciant.
958 3487 1022 3551 Die
1034 3509 1132 3573 prae-

119 3567 238 3650 scripto
261 3566 535 3657 Archiepiscopus
557 3574 625 3656 ipse
647 3572 699 3633 vel
718 3571 894 3660 Episcopus
917 3575 1132 3658 comprovin-

59 3687 61 3689 ·
120 3654 212 3715 cialis
241 3653 347 3716 senior
378 3657 415 3718 ad
444 3656 614 3720 Ecclesiam
643 3673 805 3723 vacantem
844 3660 977 3722 ornnino
1010 3661 1131 3736 veniat,

120 3738 199 3800 duos
211 3736 248 3800 ad
262 3739 367 3800 minus
379 3742 667 3826 comprovinciales
680 3740 867 3829 Episcopus,
888 3744 942 3829 qui
961 3745 996 3806 in
1009 3746 1130 3806 virtute

120 3827 243 3887 larrctae
264 3825 464 3887 obedientiae
484 3828 533 3890 ire
558 3838 742 3906 teneantur,
761 3835 864 3894 secum
886 3832 1025 3907 habens,
1055 3831 1131 3892 aliie

121 3920 153 3971 ct
166 3911 299 3998 reliquis
311 3910 646 3996 comprovincialibus,
664 3913 688 3975 fi
700 3936 781 4001 opus
793 3914 902 3995 suerit,
922 3912 1131 4001 perArclrie-
