2528 4522
179 281 261 365 Ι190
328 264 422 384 Appi
446 264 482 343 1¹..
496 266 544 339 ad
567 263 890 343 concntt'ridanr.
940 262 1025 347 Stis.
1051 194 1167 344 xliv.

180 466 254 519 ante
265 462 400 518 aetatem
419 447 556 515 debitam
574 446 749 536 proiaii'om
769 444 884 527 fuiil'e3
904 461 958 514 aut
980 447 1055 535 quid
1071 449 1194 527 firnile;

181 542 322 626 velitque
345 538 487 600 babituru
510 535 673 619 dimittere
701 557 894 623 quacumque
927 536 966 598 de
995 536 1104 612 causa;
1136 547 1194 598 aut

178 627 278 689 etiam
299 645 368 685 oum
389 623 497 683 babitu
522 618 687 687 discedere
716 623 781 684 fine
811 620 942 683 licentia
963 623 1190 704 superiorum3

180 733 247 774 non
270 709 429 785 audiatur,
461 707 520 768 niti
548 708 633 770 intra
662 707 915 793 quinquennium
948 717 1068 768 tantum
1098 708 1192 768 adie

181 791 402 880 profesfionis,
436 802 469 854 et
500 803 575 854 tuuc
608 814 675 854 non
710 793 821 866 aliter,
857 793 916 853 niti
949 796 1074 868 causas,
1111 813 1190 876 quas

180 879 413 966 praetenderit,
434 875 603 939 deduxerit
624 896 737 960 coram⁸
752 875 916 960 superiore
938 880 1010 952 suo,
1042 887 1073 938 et
1096 877 1191 938 ordi-

178 967 283 1028 nario.
340 969 365 1042 ⁸)
379 959 478 1045 Quod
510 963 627 1025 fiante
641 959 684 1044 19)
705 962 848 1024 habitum
876 966 990 1044 sponte
1013 960 1191 1036 dimiserim

178 1052 363 1113 nuliatenus
392 1049 430 1111 ad
460 1047 659 1127 allegandum
680 1066 906 1132 quamcumque
927 1050 1050 1109 causam
1071 1047 1192 1109 admit-

178 1145 283 1206 tatur;
303 1132 357 1198 [ed
378 1133 417 1196 ad
439 1132 660 1195 monasterium
678 1131 783 1194 redire
804 1144 950 1208 cogatur,
975 1144 1006 1193 at
1028 1143 1191 1217 tamquam

176 1221 315 1305 apodata
337 1221 504 1305 puniatur:
532 1218 664 1280 interim
693 1237 771 1279 vero
800 1217 890 1292 nullo
921 1217 1094 1300 privilagio
1117 1220 1191 1280 suae

179 1307 351 1386 religionis
370 1305 507 1386 juretur.
549 1308 577 1382 t)
591 1301 689 1369 Nemo
714 1303 810 1364 etiam
834 1303 990 1380 regularis
1011 1303 1191 1384 cujuscum-

177 1412 242 1478 que
265 1387 425 1453 facultatis
447 1388 561 1469 vigore
579 1381 790 1450 transferatur
811 1387 848 1448 ad
871 1388 1031 1451 laxiorem
1051 1389 1192 1467 reiigio-

177 1497 274 1550 narn,
304 1496 362 1537 nec
390 1473 482 1537 detur
502 1472 633 1536 licentia
661 1473 806 1558 cuiquam
834 1473 974 1552 regulari
994 1474 1116 1536 occulte
1138 1469 1191 1537 fe-

178 1561 273 1625 rendi
293 1559 437 1624 habitum
455 1559 527 1622 suae
547 1555 748 1639 religionis..

591 1762 670 1831 Car.
692 1763 780 1831 XX.

174 1883 394 1971 {Superiores
421 1883 600 1962 ordinum,
619 1885 788 1974 episcopis
807 1909 875 1951 non
889 1883 1060 1974 subjecti,
1092 1882 1189 1972 irase-
1228 1923 1230 1927 ν

175 1969 274 2035 rioro
298 1966 501 2060 monasteria
519 1968 654 2060 vistterrt
667 1995 718 2118 (qq
738 1971 938 2139 cqrrigout,
966 1970 1072 2037 otiam
1094 1991 1187 2034 oom-

589 2076 665 2120 men
716 2065 764 2124 to.

243 2173 402 2255 Abbatea,
431 2176 486 2264 qui
509 2181 582 2240 sunt
604 2177 752 2242 ordinum
775 2178 895 2265 capita,
926 2199 961 2242 ac
979 2177 1071 2241 ceteri
1094 2199 1187 2263 prae·

177 2261 337 2327 dictorum
369 2261 515 2325 ordinum
546 2265 746 2349 superiores,
780 2265 939 2352 episcopis
962 2287 1027 2326 non
1048 2265 1187 2346 subjecti,

179 2351 293 2435 quibus
315 2346 355 2411 ei
378 2350 410 2410 in
433 2350 494 2409 alia
512 2345 664 2411 inferiora
687 2352 887 2426 monasteria,
914 2351 1112 2435 prioratusre
1138 2353 1187 2412 ie-

176 2437 290 2513 gitima
312 2432 508 2514 jurisdictio,
539 2435 646 2496 eadem
678 2434 733 2496 itta
755 2438 811 2496 libi
841 2435 962 2498 subdita
991 2436 1187 2508 monasteria,

178 2529 210 2580 et
232 2520 406 2602 prioratus,
429 2516 483 2577 tuo
506 2520 639 2602 quisque
661 2519 749 2594 ioco,
774 2531 868 2606 atque
889 2520 1018 2594 ordine,
1049 2541 1090 2582 ex
1112 2520 1186 2580 offi-

176 2603 228 2662 cio
254 2603 393 2675 vilitem,
415 2602 511 2661 ctiam
532 2603 555 2661 tt
577 2604 795 2665 commendata
816 2605 959 2667 existant.
1001 2602 1092 2686 Quae
1113 2627 1183 2667 cum

175 2685 327 2748 ordinum
347 2684 475 2748 suorum
493 2687 645 2770 capitibus
666 2690 796 2765 l‘ubiint,
831 2690 967 2752 declarat
987 2693 1088 2752 sancta
1107 2690 1184 2768 syn-

178 2770 279 2849 odus,
310 2771 345 2834 in
367 2771 424 2846 iis,
452 2791 530 2855 quae
549 2775 582 2847 ¹¹)
598 2774 676 2833 alias
709 2774 748 2836 dc
776 2776 957 2839 uisitatione
979 2775 1183 2837 monasterio-

124 2915 128 2922 .
178 2877 247 2918 rum
269 2853 559 2919 commendatorum
581 2856 712 2920 definita
741 2863 830 2938 sunt,
863 2883 928 2923 uon
952 2860 1013 2922 eiie
1037 2881 1183 2945 cumpre-

177 2943 292 3004 henia:
318 2953 544 3026 teneantur-que
567 2944 754 3030 quicumque
776 2947 1010 3031 praedictorum
1035 2946 1182 3007 ordinum

175 3029 372 3090 monasteriis
393 3030 557 3111 praesunt,
576 3028 754 3110 praedictos
779 3031 954 3092 viiitatores
979 3033 1129 3114 recipere,
1151 3044 1183 3091 et

174 3114 306 3176 iliorum
329 3113 549 3175 ordinationes
572 3116 700 3198 exequi.
748 3112 818 3200 Ipsa
843 3138 967 3201 quoque
990 3117 1183 3193 monasteria,

176 3218 257 3282 quae
279 3200 349 3260 i'unt
372 3198 519 3260 ordinum
540 3199 661 3281 capita,
692 3200 778 3280 juxta
802 3201 923 3263 sarrctae
953 3201 1034 3262 fedis
1057 3201 1185 3285 aposto-

175 3282 275 3357 licae,
298 3294 329 3344 et
351 3284 497 3369 cujusque
520 3281 642 3344 ordinis
664 3285 902 3348 constitutiones
925 3288 1102 3347 vilitentur.
1142 3285 1182 3347 Et

177 3367 325 3452 quamdiu
349 3367 502 3429 durabunt
519 3361 700 3449 hujusmodi
714 3371 928 3446 commendas,
951 3372 1075 3456 priores
1096 3370 1184 3431 clau-

176 3452 299 3527 strales,
320 3465 372 3513 aut
394 3455 430 3515 in
453 3452 645 3537 prioratibus
668 3468 859 3518 uurrventum
880 3457 1088 3533 habentibus,
1110 3460 1184 3519 l'ub-

181 3662 198 3671 ”
209 3690 257 3757 19)
272 3699 351 3742 aaran
368 3689 403 3740 n.
425 3686 497 3752 ra,
514 3689 590 3741 mm.
608 3686 660 3746 m,
681 3687 755 3752 rea,
774 3666 878 3756 aaa,
896 3687 975 3758 cufi,
996 3688 1048 3743 ra·
1134 3676 1136 3681 ’

209 3804 236 3865 a)
254 3798 337 3854 Couc.
366 3795 469 3850 Areiat.
489 3798 509 3850 Ι.
534 3815 559 3853 a.
577 3803 639 3859 att.
671 3806 790 3858 caum.
814 3799 912 3864 (Maufi'
936 3798 1024 3852 ⁹1:11.
1058 3812 1084 3866 p.
1105 3797 1182 3862 473.)

210 3873 314 3927 Areiat.
331 3870 367 3922 tr.
385 3886 409 3922 a.
427 3873 489 3928 452.
516 3884 576 3924 cau.
594 3875 638 3928 25·
657 3867 705 3931 (ib.
725 3871 758 3922 Τ.·
777 3872 838 3924 vlt.
858 3889 883 3934 p.
902 3867 988 3936 881).
1006 3897 1039 3909 -
1063 3869 1096 3934 t)
1115 3869 1183 3922 sert.

179 3955 185 3966 ·
209 3942 290 4000 xtv.
307 3941 341 3996 de
359 3939 469 3994 resona.
488 3955 512 3990 c,
530 3948 572 3999 11.
591 3966 625 3979 -
662 3942 691 4008 u)
709 3939 775 3994 sert.
793 3942 871 3995 xxt.
886 3943 924 3994 'de
947 3943 1058 3995 r'ui'urnr.
1076 3957 1100 3993 c.
1118 3945 1146 3999 8.
