2528 4522
33 234 59 296 ³
175 246 249 368 reu
317 275 410 376 App.
427 278 456 352 1.
476 277 522 348 ur
548 226 686 348 colen.
711 275 875 348 renen.
935 274 1022 347 sen
1047 271 1185 346 xxrv,

172 468 249 545 bne,
269 465 308 529 sd
331 458 578 527 conservandam
606 456 1108 548 augendumque*ecelefiabieern
1133 453 1188 517 di-

175 549 342 640 l'ciplinarn
366 549 487 612 inerint
509 548 687 623 institutae,
708 551 811 634 utqui
826 567 880 610 ees
896 546 1086 618 obtinerent,
1110 542 1189 626 pie-

174 652 240 703 tete
257 635 507 724 praecellerent,
525 635 661 720 aliisque
682 634 834 719 exemplo
856 630 974 709 client,
996 642 1090 714 etque
1113 628 1189 711 epi-

176 731 288 809 scopos
309 742 425 808 opere,
460 731 492 783 et
513 718 620 781 officio
647 718 813 799 juvarent3
849 718 966 779 merito
992 719 1048 802 qui
1073 711 1110 774 ed
1135 730 1187 775 eas

176 819 349 883 vocentur,
377 807 458 868 tales
490 803 553 867 etse
577 804 712 881 debent,
744 804 801 890 qui
829 806 885 866 luo
909 801 1036 867 moneri
1055 797 1189 882 respon-

177 896 252 958 dere
281 893 412 979 poliint.
452 888 597 970 7)Ne1no
628 889 907 973 igitur'deinceps
939 887 977 949 ed
1012 886 1188 966 dignitates

176 998 405 1068 quascumque,
427 976 542 1062 quibus
566 975 743 1037 euinrerurn
764 995 836 1036 cure
858 973 972 1049 subest,
993 990 1189 1057 promovea-

177 1079 247 1143 tur,
278 1062 338 1126 nifi
359 1061 415 1149 qui
435 1063 545 1125 l'altern
558 1057 684 1130 XXV.
704 1064 776 1124 luae
797 1060 910 1122 aetatis
933 1079 1053 1120 aunum
1072 1058 1190 1134 attige-

178 1152 237 1220 rit,
268 1147 357 1211 etin
378 1147 520 1210 clericuli
540 1145 655 1208 oudino
676 1149 839 1222 versutus,
874 1144 1020 1206 doctrina
1039 1141 1077 1204 ed
1100 1147 1190 1204 suurn

177 1254 295 1300 monos
316 1232 553 1321 exsequendum
581 1230 769 1308 neoeil'eria,
801 1252 836 1294 ae
857 1251 983 1292 rnorurn
1005 1227 1192 1307 integritate

178 1317 435 1393 commendetur,
469 1318 556 1400 juxta
587 1317 844 1380 constitutionem
876 1313 1058 1378 Alexandri
1091 1311 1193 1387 tertii,

180 1409 215 1469 in
249 1405 390 1467 concilio
419 1400 624 1465 Leterenenfi
662 1404 915 1488 promulgatam,
954 1402 1033 1487 quue
1064 1397 1192 1481 incipit,

178 1487 306 1566 ¹)Cttm
335 1486 373 1552 in
401 1486 546 1551 cunctis.
604 1481 838 1551 Archidieeoni
868 1487 985 1562 etiern,
1017 1485 1072 1571 qui
1105 1482 1193 1544 oculi

179 1574 329 1638 <licuntur
350 1572 511 1658 episcopi,
542 1573 602 1633 [int
629 1573 665 1635 in
685 1575 834 1636 erunibus
856 1573 1009 1646 eccleliis,
1026 1569 1100 1631 -ubi
1121 1567 1194 1630 lieri

178 1659 322 1807 poterit,
366 1658 506 1738 rnegillri
546 1659 591 1718 in·
622 1659 810 1739 theologie,
844 1661 897 1721 feu
937 1658 1100 1728 doctores,
1140 1662 1195 1714 out

194 1744 338 1807 icontieti
359 1742 484 1824 injure
505 1739 671 1806 canonico.
724 1741 776 1806 Ad
806 1756 926 1807 ceteras
955 1753 1062 1805 autern
1083 1738 1197 1817 digni-

180 1838 279 1905 tates,
311 1828 364 1889 vel
393 1832 598 1913 personatos,
639 1830 756 1915 quibes
789 1832 967 1892 enirnerurn
998 1844 1071 1889 curu
1105 1825 1195 1887 nulla

180 1912 291 1989 iobest,
322 1913 433 1976 cleriei
459 1912 606 1999 alioquin
636 1914 768 1990 idonei,
802 1927 835 1979 et
857 1912 978 1977 xxlt.
1006 1911 1098 1974 annis
1126 1929 1195 1972 non

180 1999 346 2074 minores,
364 1998 562 2060 escil'cturlur.
611 1997 736 2062 l'rov'ili
756 2001 854 2063 etiem
876 2000 916 2063 de
938 1997 1100 2062 beneficiis
1120 1997 1196 2080 qui·

181 2086 393 2169 buecurnque,
422 2103 528 2145 ceretu
549 2082 727 2148 errirnerurn
750 2084 954 2159 habentibus,
988 2093 1154 2146 teneantur
1175 2099 1195 2140 e

181 2168 235 2234 die
254 2167 387 2253 adeptae
409 2166 633 2253 poilel‘iionis‚
658 2170 696 2234 ed
717 2171 825 2234 rninus
846 2171 932 2235 intre
954 2167 1035 2231 duos
1055 2168 1195 2241 menses,

180 2256 219 2320 in
239 2256 385 2318 menibus
406 2253 505 2338 ipiios
525 2254 687 2341 episcopi,
715 2257 788 2331 rel,
816 2278 854 2320 eo
881 2255 1055 2342 impedito,
1085 2271 1195 2314 curent

181 2340 325 2420 generali
353 2339 420 2421 ejus
444 2340 583 2414 vicario,
617 2346 671 2405 l'eu
704 2340 853 2419 officiali,
885 2339 1090 2406 orthodoxae
1123 2337 1196 2399 luae

180 2425 260 2488 iidei
290 2425 450 2507 publicent
479 2419 584 2486 fecere
613 2423 862 2511 profesiionern,
905 2436 938 2490 et
964 2427 1001 2489 in
1029 2423 1195 2487 Romeuee

181 2508 327 2573 eccleiiee
348 2507 532 2570 obedientie
552 2513 585 2572 se
606 2516 829 2596 permansuros
860 2509 1058 2596 spondeant,
1088 2530 1123 2569 ac
1144 2508 1196 2589 ju-

181 2602 262 2656 rent.
305 2591 430 2654 l'rovili
450 2604 555 2654 autern
577 2592 617 2656 de
638 2599 895 2673 cenonicutibus,
917 2609 949 2660 et
972 2593 1194 2678 dignitatibus,

182 2679 218 2740 in
238 2676 376 2739 eccleliis
404 2676 639 2741 cathedralibus
668 2703 735 2744 non
766 2685 868 2745 l'olutn
897 2704 1003 2745 corern
1030 2682 1194 2765 epil'copo,

181 2768 236 2829 feu
256 2761 323 2844 ejus
346 2759 494 2836 officiali,
526 2762 580 2826 l'ed
611 2765 708 2829 etiarn
737 2768 772 2829 in
801 2769 942 2855 capitulo
973 2765 1060 2829 idem
1091 2763 1195 2826 iecere

80 2912 82 2919 ,
131 2892 137 2909 2
181 2858 369 2915 teneantur:
390 2846 535 2933 elioq'uin
559 2850 713 2932 praedicti
734 2874 847 2916 ornnee
869 2854 1004 2940 proviii,
1035 2855 1194 2933 utl'upre,

182 2931 305 3000 fructus
327 2953 394 2995 non
415 2927 534 2994 facient
551 2940 644 3011 l'uos3
666 2958 724 3000 neo
745 2939 814 3001 illie
829 2939 975 3024 poilelfio
996 2937 1194 3016 suffragetur.

183 3016 212 3106 ⁸)
224 3016 393 3083 Neminem
423 3017 523 3082 etiarn
551 3018 703 3108 deinceps
731 3024 768 3086 ed
791 3024 996 3106 dignitatern,
1025 3022 1196 3087 cononicu-

183 3115 270 3178 turn,
300 3115 354 3166 eut
375 3104 560 3189 portionem
582 3109 755 3193 recipient,
788 3111 846 3172 nifi
868 3111 923 3196 qui
944 3130 983 3172 eo
1009 3109 1123 3170 ordine
1146 3099 1212 3168 lu-v

184 3209 238 3250 cro
268 3189 388 3287 autniit
407 3189 573 3267 initiatus,
608 3213 702 3278 quern
732 3195 789 3256 ille
820 3195 983 3274 dignitas,
1016 3190 1195 3278 praebenda

183 3282 238 3334 eut
259 3283 368 3372 portio
390 3275 545 3360 requirit,
575 3290 629 3339 eut
658 3280 695 3343 in
716 3281 773 3342 teli
794 3293 915 3355 eetete,
949 3293 984 3342 ut
1004 3275 1091 3342 insta
1113 3288 1195 3338 tern-

183 3378 247 3441 pus
271 3378 392 3440 epure,
411 3370 446 3449 et
469 3362 507 3421 eb
528 3361 585 3422 hec
605 3367 708 3427 l'encte
730 3365 853 3445 synodo
874 3366 1037 3437 statutum,
1068 3361 1197 3426 initiari

56 3461 64 3477 ⁸
183 3442 316 3542 valerus
344 3440 383 3505 ln
405 3446 553 3507 omnibns
573 3467 651 3510 uero
674 3451 811 3513 eccleliis
827 3451 1060 3513 cathedralibus
1082 3468 1195 3510 ornnes

185 3538 407 3603 canonicatus,
444 3550 478 3591 ec
506 3533 674 3615 portiones
706 3536 841 3606 habeant
862 3558 1022 3600 enuexnrn
1047 3534 1195 3596 ordineur

186 3612 397 3698 presbyterii,
419 3611 624 3693 diaconatus,
652 3621 702 3682 vel
724 3622 973 3687 subdiaconatus.
1017 3619 1194 3706 Episcopus

187 3709 292 3761 eutem
322 3718 393 3760 curn
423 3700 556 3762 confilio
589 3705 723 3788 capituli
754 3707 914 3789 delignet,
948 3728 983 3769 ac
1012 3706 1195 3774 distribuet.

188 3811 631 3832 Μ

222 3878 337 3967 ttlssell‘.
355 3882 450 3936 XXII·
472 3884 507 3935 de
531 3885 644 3940 reiortn.
672 3905 696 3941 e.
715 3898 742 3950 9.
758 3919 793 3931 —-
837 3893 864 3958 z)
885 3891 1156 3961 Gregor,necr,1„
1176 3894 1198 3945 ῐ.

222 3957 264 4007 ¹¹¹·
282 3957 309 4014 6·
324 3969 348 4010 θ.
366 3959 392 4015 7.
413 3982 449 3994 -·
480 3956 510 4022 a)
529 3954 595 4013 Seil.
616 3960 677 4020 vu.
695 3960 729 4016 de
748 3962 861 4019 reiorur.
885 3981 910 4018 e·
932 3973 976 4026 12.
