2528 4522
131 302 136 311 .
168 206 184 235 ⁸
252 235 345 311 Salv.
369 214 536 310 conduct.
559 232 900 309 concess.,Germsn.
923 245 996 309 net
1066 249 1138 345 107

127 416 301 496 miserint,
323 439 387 505 quo
404 416 520 504 ,posset
550 417 643 499 hujus
663 417 742 484 fidei
761 418 929 505 publicae,
958 431 992 486 et
1019 421 1141 489 assecu-

125 507 265 569 rationis
288 505 475 568 beneficium
499 502 637 580 violari,
659 517 713 566 aut
732 504 958 590 quoquomodo
980 508 1074 587 tolli,
1102 511 1141 577 in

125 590 313 674 hujusmodi
335 587 477 671 facinope
498 588 696 673 deprehensi,
717 593 754 651 ab
775 592 843 674 ipsa
864 591 988 670 synodo
1011 593 1140 658 dumta-

125 687 202 752 xat,
236 688 269 739 et
297 698 363 738 non
392 678 430 736 ab
458 676 551 751 aliis,
585 675 742 755 condigna
778 676 1072 757 animadversione,
1106 691 1141 745 et

125 764 261 826 emenda
284 760 471 837 sufficienti,
503 781 561 844 per
577 772 700 843 partem
722 760 936 824 Dominorum
958 761 1141 829 Germano-

99 868 215 924 ·rum,
246 845 444 927 Augustanae
466 841 692 921 contetttonis,
724 857 799 908 tunc
830 849 882 908 hic
914 852 1139 933 praesentium,

81 1000 84 1009 ,
123 933 245 996 merito
266 931 422 995 laudanda
443 941 476 993 et
497 952 514 991 a
540 930 710 1014 probanda,
731 953 810 994 mox
825 933 1020 1016 punientur:
1044 957 1141 1020 prae·

122 1020 210 1085 senti
241 1016 479 1081 assecurationis
510 952 634 1093 dirtos,
673 1017 932 1096 conditionibus,
969 1031 1001 1082 et
1031 1021 1139 1086 modis

122 1103 261 1169 omuino
279 1103 480 1167 manentibus
500 1103 647 1168 ittibatis.
688 1100 773 1165 Vult
795 1117 953 1188 praeterea
972 1106 1040 1190 ipse
1060 1110 1141 1186 syn-

123 1188 236 1265 odos,
264 1180 354 1274 quod
380 1189 480 1259 liceatv
509 1188 585 1272 ipsis
611 1184 903 1251 Ambasciatoribus
919 1188 950 1266 4)
988 1193 1140 1257 omnibus
1169 1222 1182 1247 e

121 1284 158 1337 et
177 1274 311 1354 singulis
335 1275 453 1349 toties,
485 1273 747 1358 quotiescumque
776 1294 865 1358 opus
879 1270 906 1351 ⁵)
934 1273 1048 1354 suerit,
1082 1281 1139 1342 seu
1185 1287 1192 1295 ”

121 1358 351 1435 necessarium,
387 1358 425 1421 ad
456 1378 566 1420 auram
599 1358 785 1442 capiendam
810 1360 901 1425 exire
933 1358 973 1422 de
1007 1361 1144 1446 civitate

121 1443 338 1520 Tridentino,
368 1455 401 1505 et
431 1443 553 1505 reverti
579 1441 616 1504 ad
637 1443 798 1518 eamdem,
830 1465 956 1508 necnon
977 1447 1139 1527 nuntium,

120 1530 180 1593 vel
200 1531 333 1593 nuntios
354 1533 426 1592 suos
448 1527 487 1590 ed
507 1548 719 1615 quaecumque
738 1530 808 1591 ioca
830 1551 889 1615 pro
912 1530 977 1594 suis
998 1531 1140 1595 necessa-

119 1617 183 1679 riis
203 1615 344 1696 negotiis
365 1611 553 1676 ordinandis
582 1614 683 1677 libere
709 1615 858 1688 mittere,
892 1618 945 1678 seu
968 1613 1140 1697 destinare3

120 1694 159 1765 ac
180 1702 272 1788 ipsos
295 1698 416 1774 missos,
438 1703 492 1762 seu
507 1697 689 1778 destinatos,
711 1704 764 1764 seu
787 1700 927 1777 utilium,
948 1712 981 1763 et
1000 1702 1140 1767 destine-
1249 1768 1255 1783 ,

119 1798 193 1851 tum
214 1786 374 1871 suscipere
394 1786 509 1862 toties,
541 1786 666 1869 quoties
696 1787 745 1849 eis
778 1786 941 1849 videbitur
972 1788 1139 1873 expedire,

119 1871 168 1935 ita
198 1869 283 1958 quod
313 1872 427 1956 aliqui,
459 1871 515 1932 vel
536 1870 672 1955 aliquis,
704 1893 762 1956 per
783 1871 980 1957 deputandos
1005 1875 1139 1937 concilii

119 1958 299 2030 socientur,
321 1960 377 2041 qui
398 1977 510 2019 eorum
529 1957 691 2017 securitati
714 1957 927 2040 provideant,
949 1959 1003 2021 vel
1021 1959 1138 2044 provi-

121 2043 206 2106 deat.
275 2039 344 2132 Qui
376 2040 504 2126 quidem
533 2041 641 2103 salvus
671 2042 865 2120 conductus,
898 2055 930 2105 et
955 2042 1138 2107 securitates

118 2129 220 2205 flare,
251 2147 287 2190 aa
316 2126 428 2191 durare
457 2122 634 2203 debeantfi)
653 2138 684 2188 et
699 2125 734 2208 ⁷)
768 2148 786 2189 a
819 2139 984 2211 tempore,
1017 2139 1051 2191 et
1076 2149 1146 2214 per·

120 2226 261 2299 tempus,
284 2234 346 2297 quo
370 2213 404 2272 in
427 2212 526 2295 ipsius
545 2209 681 2290 synodi,
703 2224 735 2273 et
754 2216 884 2274 suorum
906 2211 1059 2275 tuitionis
1080 2237 1139 2276 cu·
1204 2218 1212 2232 '

119 2320 189 2362 rem
216 2298 306 2383 ipsos
335 2297 452 2371 suscipi
480 2296 673 2373 contigerit,
708 2307 740 2357 et
761 2317 861 2380 usque
882 2295 919 2356 ad
942 2295 1138 2361 Tridentum

119 2382 272 2471 perduci,
300 2403 335 2442 ac
353 2392 423 2443 toto
446 2391 593 2463 tempore
615 2380 786 2442 mansionis
809 2402 920 2443 eorum
941 2381 1084 2458 ibidem3
1105 2393 1139 2445 et

119 2463 264 2547 rursum,
296 2465 364 2552 post
392 2464 599 2529 sufficientem
622 2465 814 2528 audientiam
837 2465 1000 2539 habitam,
1032 2470 1136 2552 spatio

120 2554 244 2635 uiginti
266 2551 389 2614 dierum
409 2548 596 2636 praemisso,
620 2571 692 2613 cum
712 2551 770 2636 ipsi
794 2551 960 2635 petierint,
980 2560 1035 2614 aut
1056 2574 1137 2617 con-

119 2640 249 2716 cilium,
277 2637 383 2698 habita
407 2632 595 2729 hujusmodi
616 2636 797 2712 audientia,
818 2636 893 2721 ipsis
911 2635 1062 2701 recessum
1082 2638 1138 2702 in-

119 2726 245 2793 dixerit
274 2721 489 2797 aTridento,
520 2741 619 2806 usque
649 2722 685 2785 in
719 2743 813 2806 quem
836 2722 969 2810 quisque
1000 2724 1139 2804 elegerit

119 2812 178 2874 sibi
193 2812 300 2872 locum
312 2819 424 2883 tutum,
446 2802 668 2884 Deosavente,
693 2808 847 2869 restituet:
872 2806 948 2869 dolo
971 2818 1003 2868 et
1025 2802 1138 2872 sraude

120 2884 253 2984 prorsus
274 2894 423 2956 exolutis:
483 2888 575 2972 Quae
607 2892 736 2977 quidem
758 2893 867 2953 omnia
890 2913 949 2976 pro
972 2892 1138 2970 universis,

121 2992 154 3046 et
173 2980 308 3060 singulis
330 2975 447 3040 Christi
469 2976 634 3053 fidelibus,
668 2998 728 3062 pro
754 2977 903 3039 omnibus
926 2977 1137 3061 principibus,

121 3078 186 3130 tacu
205 3063 414 3133 ecclesiasticis
436 3083 529 3148 quam
551 3063 760 3125 saecularibus
783 3062 1052 3146 quibuscumque,
1086 3053 1138 3124 ai-

123 3172 184 3239 que
213 3151 362 3213 omnibus
389 3148 464 3209 aliis
500 3148 707 3209 ecclesiaticis
730 3158 762 3209 et
778 3144 806 3222 ⁸)
827 3146 1037 3210 saecularibus
1058 3168 1137 3232 per·

122 3238 230 3313 sonis,
248 3235 469 3320 cujuscumque
490 3232 605 3307 sistus,
635 3244 667 3294 et
687 3230 884 3300 conditionis
907 3231 1060 3308 existant,
1082 3243 1138 3296 aut

123 3339 320 3409 quocumque
349 3319 483 3382 nomine
516 3317 716 3393 censeantur,
752 3317 988 3380 inviolabiliter
1027 3319 1137 3381 obser·

123 3408 224 3470 canda
246 3405 309 3469 esse
333 3402 512 3490 promittit,
543 3413 575 3464 et
603 3405 686 3466 buna
708 3403 772 3485 side
793 3401 941 3487 spondet.
993 3405 1135 3489 Insuper,

125 3494 212 3571 omni
233 3487 344 3555 [reuda
366 3501 398 3552 et
418 3488 495 3551 dolo
518 3488 669 3566 exclusis,
698 3510 774 3552 vera
803 3499 836 3551 et
864 3489 1031 3552 bonafide
1053 3511 1137 3575 pro-

156 3696 535 3769 mambattuortbus'flard.
551 3727 588 3739 -
631 3699 659 3764 5)
678 3704 868 3766 opportunum
887 3698 980 3762 Rom„
1006 3698 1041 3748 R.
1064 3694 1136 3760 Vct„

156 3775 231 3828 uon.
248 3774 299 3839 M,
316 3773 390 3839 Dtt,
411 3773 485 3830 Van..
504 3770 586 3842 ctifi,
606 3769 653 3823 Vc.
665 3795 698 3809 -··
735 3769 763 3836 6)
777 3766 876 3820 debent
895 3769 978 3833 Rom„
996 3765 1072 3825 Dil.‚·
1091 3765 1136 3818 se-

155 3843 422 3983 peqqiptsqqqddebeat
440 3842 514 3914 onis.
531 3871 567 3882 -
608 3843 638 3908 7)
655 3850 681 3895 et
702 3859 751 3897 om.
769 3837 876 3904 Hard,
892 3838 968 3910 Clrif.
984 3865 1020 3876 ·-
1054 3838 1083 3903 8)
1101 3853 1134 3889 uo
1208 3899 1211 3903 ¹
