2528 4522
267 237 327 307 De
350 237 609 309 reformatione
634 220 864 317 matrimonii.
1019 256 1093 327 147

66 423 206 499 tionesr
234 429 311 483 tunc
341 420 396 482 vel
429 440 490 483 una
517 428 641 499 tantuin
663 421 864 493 denuntiatio
886 423 943 487 liat
956 421 1006 504 1),
1035 414 1092 491 rel

73 510 189 571 saltem
210 505 371 590 parocho,
394 516 426 567 et
446 505 590 585 duobue,
606 509 677 580 ..uel
705 511 808 571 tribue
840 509 966 581 testibus
992 533 1090 597 prae·

73 594 218 658 sentibus
239 591 479 655 matrimonium
500 596 686 661 celebretur.
707 603 711 614 '
735 593 861 657 Deinde
892 606 965 660 ente
998 599 1090 663 illiue

74 678 384 742 consummationem
411 676 674 758 denuntiationes
700 679 737 743 in
764 680 890 743 ecclesie
917 682 1014 759 liant,
1044 695 1089 762 ut,

72 765 99 827 fi
128 764 237 852 aliqua
269 765 397 826 subsunt
426 764 675 848 impedimenta,
713 758 846 839 saciliua
878 764 1089 847 detegantur:

72 848 136 913 nili
151 847 339 912 ordinarius
361 849 430 933 ipse
451 851 605 932 expedire
624 849 831 933 judicaverit,
852 861 895 923 ut¹
908 853 1089 936 praedictae
1126 864 1130 869 '

72 934 336 1003 denuntiationes
358 934 579 1003 remittentur:
601 937 687 1022 quod
708 937 799 1000 illius
821 934 1023 1023 prudentiae,
1056 949 1089 1005 et

69 1019 192 1104 judicio
221 1024 326 1083 sancta
353 1018 494 1098 synodus
524 1022 690 1108 relinquit.
747 1019 961 1106 Qui-,alilah
993 1044 1088 1110 quem

69 1103 237 1192 praesente
257 1105 419 1190 parocho,
451 1106 506 1168 vel
527 1107 592 1171 elio
612 1103 792 1184 sacerdote,
828 1104 867 1183 de
890 1107 987 1191 ipsios
1011 1130 1088 1194 par-

70 1191 166 1269 ochi,
196 1194 250 1256 seu
272 1189 427 1253 ordinarii
447 1191 596 1269 licentia,
627 1189 816 1268 etduobue,
836 1193 891 1267 rel
914 1194 1014 1255 tribue
1036 1205 1088 1259 te·

69 1271 207 1356 stibue2)
229 1276 471 1341 matrimonium
485 1276 672 1347 contrahere
692 1278 911 1351 attentabunt3
934 1299 991 1341 eoa
1013 1284 1110 1349 saure

69 1372 120 1425 cta
140 1363 281 1444 synodus
302 1360 341 1423 ed
357 1362 398 1422 sic
412 1361 663 1437 contrahendum
680 1362 813 1435 omnino
832 1363 992 1427 inhabiles
1012 1366 1088 1433 rede
1140 1396 1143 1401 ·

38 1514 42 1519 ,
71 1446 140 1523 dit3
168 1459 202 1511 et
222 1446 253 1530 5)
267 1445 451 1529 hujusmodi
472 1458 650 1517 contractae
673 1448 803 1529 irritos,
838 1459 870 1511 et
893 1450 1002 1511 nullos
1022 1449 1087 1515 elle

70 1532 232 1610 decernit,
265 1544 372 1617 prout
386 1553 442 1594 eos
463 1535 624 1618 praesenti
632 1532 769 1601 decreto
791 1533 903 1595 irritos
926 1528 1020 1607 facit,
1053 1546 1088 1604 et

69 1619 227 1687 annullat.
278 1616 412 1703 Insuper
442 1619 644 1701 parochum,¹
668 1620 723 1696 uel
751 1618 852 1681 alium
881 1618 1087 1699 sacerdotem,

70 1704 126 1790 qai
157 1725 232 1767 cum
256 1703 383 1765 minore
415 1700 547 1766 testium'
567 1724 719 1783 numero,
751 1713 784 1767 et
805 1703 912 1783 testes,
945 1706 1086 1790 quisine

68 1789 230 1873 parocho,
264 1789 316 1850 rel
339 1786 499 1867 sacerdote
521 1789 707 1871 hujusmodi
727 1789 904 1854 contractui
925 1785 1086 1855 interfue-

68 1874 156 1950 rint,
179 1896 239 1937 nec
263 1895 329 1936 non
351 1875 438 1959 ipsos
460 1876 685 1936 contrahentes
705 1874 850 1955 graviter
873 1874 1006 1936 arbitrio
1029 1898 1086 1938 or-

68 1957 190 2021 dinarii
211 1959 320 2044 puniri
341 1957 510 2043 praecipit.
559 1959 724 2029 Praeterea
746 1958 855 2022 eadem
878 1963 980 2022 sancte
1003 1963 1085 2044 syn·

69 2043 149 2109 odae
177 2045 341 2123 bortatur,
372 2056 404 2105 ut
432 2044 581 2127 conjuges
600 2057 673 2109 ante
701 2044 957 2108 benedictionem
978 2050 1085 2107 sacer-

67 2128 231 2203 dotalem,
265 2128 302 2192 in
335 2130 458 2214 templo
490 2129 745 2216 suscipiendam,
776 2131 812 2192 in
844 2120 954 2191 eadem
985 2129 1082 2192 domo

66 2235 135 2278 non
167 2215 370 2289 cobalritent.3
407 2213 863 2301 statuitque-2benedictionetn
895 2236 913 2278 a
947 2217 1082 2299 proprio

65 2301 210 2385 parocho
242 2301 334 2371 sieri3
366 2320 470 2384 neque
492 2320 711 2387 equaquam,
741 2300 805 2362 nisi
832 2300 869 2361 ab
892 2299 962 2382 ipso
985 2321 1084 2383 paro-

64 2385 150 2461 cho,
181 2386 302 2449 veleb
332 2384 496 2447 ordinario
518 2385 682 2447 licentiam
704 2383 743 2447 ad
768 2382 962 2469 praedictam
984 2388 1084 2449 bene-

65 2470 244 2537 dictionem
264 2466 443 2533 sariendam
465 2470 524 2531 alii
549 2469 702 2534 secerdoti
723 2467 981 2553 concedi-posse,
1003 2491 1084 2556 qoa-

65 2577 201 2645 cumqne
221 2554 459 2631 consuetudine,
481 2556 577 2617 etiam
592 2555 851 2630 immemorabili,
872 2552 951 2640 quae
972 2557 1083 2639 potius

65 2644 247 2729 corruptela
258 2640 449 2716 dicendaell,
466 2643 516 2703 rel
533 2642 719 2727 privilegio,
733 2639 957 2703 nonobstante.
983 2637 1083 2722 Quod

64 2727 185 2815 siquis
207 2728 376 2812 parochos,
397 2728 451 2789 vel
467 2727 550 2789 aliae
566 2727 711 2789 sacerdos
733 2726 798 2788 five
816 2727 986 2804 regularis,
1016 2727 1082 2789 live

65 2813 235 2877 saecularis
250 2810 280 2891 5)
292 2814 339 2888 sn,
361 2812 540 2875 etiamslid
557 2814 614 2874 sibi
632 2833 675 2875 ex
691 2811 880 2896 privilegio,
902 2813 953 2873 vel
966 2813 1084 2873 imme·

65 2899 220 2963 enerabili
229 2897 454 2961 consuetudine
466 2898 563 2960 licere
572 2898 753 2971 contendat,
766 2894 899 2959 alterius
911 2896 1083 2979 parochiae

64 2984 198 3069 sponsos
229 2985 294 3046 sine
322 2984 457 3045 illorum
486 2984 657 3068 parochiae
672 2982 702 3058 4)
723 2981 852 3045 licentia
876 2981 1082 3043 matrimonio

65 3072 268 3155 conjungere,
290 3079 343 3131 aut
364 3068 549 3131 benedicere
571 3069 663 3130 ausos
685 3065 794 3141 suerit,
814 3064 885 3148 ipso
906 3065 973 3145 jure
998 3076 1083 3127 tam·

65 3155 122 3231 dip
145 3157 312 3240 suspensus
333 3165 468 3229 rnaneet,
490 3154 640 3241 quamdiu
665 3156 702 3214 ab
720 3150 892 3213 ordinario
916 3149 989 3231 ejus.
1005 3171 1081 3234 par·

66 3240 163 3317 ochi,
197 3241 253 3324 qui
281 3240 492 3302 matrimonio
521 3236 674 3302 interesse
705 3235 854 3308 debebat,
886 3233 986 3311 seu-a
1018 3257 1081 3322 quo

65 3325 247 3389 benedictio
268 3323 467 3410 suscipienda
489 3339 570 3391 erat.
592 3324 782 3386 absolvatur.
837 3317 960 3381 Habeat
985 3341 1082 3405 pero-

65 3413 144 3475 cbue
167 3412 307 3487 librum,
342 3413 377 3473 in
408 3431 471 3495 quo
503 3411 688 3492 conjugum,
724 3418 755 3470 et
789 3403 911 3467 testium
939 3406 1082 3482 nomine,

64 3497 213 3586 diemque
235 3512 265 3559 et
285 3499 392 3563 locum
414 3496 568 3558 contracti
584 3488 966 3567 matrimoniidescribat,
988 3490 1082 3578 quern

63 3665 238 3675 ——.-..-.-.-...-
247 3665 261 3671 -
268 3664 279 3669 -
288 3664 318 3669 .---
327 3663 466 3671 „mn-...02-
480 3663 514 3670 ...-

97 3758 127 3822 1)
145 3754 180 3809 lit
197 3748 288 3809 Hard.
305 3780 337 3793 -
375 3753 404 3819 2)
423 3749 535 3805 tellibue
555 3768 603 3804 om.
625 3749 710 3815 Virri,
729 3750 820 3807 [tlrcm.
836 3768 871 3790 ·-·-
906 3751 935 3817 3)
954 3749 1007 3802 five
1025 3746 1081 3800 sac·

98 3826 202 3880 cr'rlarir
220 3844 272 3882 om.
289 3823 379 3878 Hurd.
397 3851 432 3864 -
468 3825 496 3890 tr)
517 3824 631 3890 parochi
648 3822 709 3875 aad.
728 3824 803 3877 Rom.
822 3825 872 3887 M,
884 3830 912 3872 et
929 3818 1001 3889 Plus.

31 3958 35 3969 ,
88 3904 128 3986 ⁴5)
148 3904 274 3972 (iratiau.
295 3918 374 3970 Decr.
394 3916 427 3970 Ρ.
447 3918 479 3971 tt.
498 3914 571 3970 raus.
589 3923 635 3976 35.
654 3933 701 3984 qu.
720 3912 853 3975 6.‘c.j2..
895 3910 912 3991 ¹<

785 4018 845 4082 K*
