2550 4536
180 266 254 344 172
334 245 898 350 apa1.aa‚coa0n.·¹raaanr.
949 252 1035 333 aen
1053 214 1192 336 x'x1v,

178 433 472 522 adinfrasari-pturn
492 433 676 521 vexamini
697 434 802 500 teneri
822 433 1192 522 mandat,·per·obitum,

109 526 114 535 “
177 527 234 589 vel
256 525 520 604 reiignatibnarn,
552 521 707 586 etiarn-in
727 523 835 600 ouria,
862 526 916 586 feu
937 523 1031 584 aliter
1053 546 1193 610 quomo-

178 611 357 695 documque
377 608 570 687 eontigerit,
597 608 695 671 etium
715 609 740 668 fi
758 609 825 692 ipsa
846 608 1042 695 parochialia
1064 611 1192 674 ecclelia

177 701 357 766 reservata,
377 694 430 755 vel
453 694 565 756 affecta
586 689 684 755 suerit
700 693 908 772 generaliter,
928 693 981 755 vel
1003 693 1192 778 specialiter,

148 800 151 811 ·
178 784 278 845 etiarn
299 782 413 860 vigore
434 777 564 855 indulti,
586 779 637 842 seu
654 777 825 863 privilegii
845 778 881 842 in
903 774 1048 842 favorem
1068 779 1192 845 [unctae

177 865 344 931 Romanae
373 865 516 927 eccleiiae
544 864 754 931 cardinalium
767 861 830 944 ⁵5),
858 868 912 926 seu
934 866 1101 942 abbatum,
1137 869 1192 930 vel
1233 928 1236 938 s

178 954 411 1039 capitulorum:
447 949 559 1014 debeat
586 952 757 1036 episcopua
786 949 906 1026 statim,
942 951 1047 1012 habita
1073 952 1192 1015 notitia

177 1038 358 1102 vacationis
389 1036 551 1113 ecclesiae,
586 1037 716 1120 li-opue
750 1031 872 1110 fuerit,
907 1033 1062 1098 idoneum
1090 1037 1125 1100 in
1156 1060 1192 1102 ea

178 1124 352 1197 vicarium,
378 1142 450 1183 curu
471 1141 627 1202 congrua,
659 1114 729 1208 ejua
749 1120 903 1196 arbitrio,
931 1115 1091 1184 fructuum
1113 1145 1194 1208 pur·

173 1209 281 1275 ,tionis
301 1208 523 1286 asiignatione,
546 1205 752 1282 constituere3
773 1205 830 1292 qui
851 1225 948 1267 onera
967 1207 1067 1292 ipiiue
1089 1211 1195 1272 eccle-

105 1306 107 1313 '
178 1295 240 1358 fiae
259 1294 424 1366 sustineat,
443 1289 547 1353 donec
567 1291 599 1353 ei
620 1290 660 1354 de
681 1303 806 1354 recture
826 1289 1047 1377 provideatur.
1089 1291 1193 1357 Porro

179 1381 373 1467 episcopus,
401 1389 433 1439 et
453 1376 508 1462 qui
532 1377 581 1458 jue
603 1386 792 1461 patronatus
816 1376 910 1438 habet
925 1371 992 1464 ³⁶),
1026 1377 1111 1439 intra
1134 1378 1194 1442 de-

177 1487 247 1530 cern
271 1465 361 1540 dieu,
390 1463 443 1524 vel
466 1462 552 1523 aliud
575 1472 719 1545 tempus,
748 1461 952 1546 abepiscopo
976 1463 1195 1548 praescriben-

177 1551 274 1628 dum,
304 1548 442 1611 idoneos
470 1547 595 1632 aliquot
616 1547 750 1609 clericos
774 1544 813 1608 ad
842 1546 1012 1626 regendam
1033 1550 1194 1614 ecolefiarn

178 1656 287 1699 eoram
306 1630 499 1720 deputandis
520 1631 794 1696 examinatoribus
820 1633 979 1694 nominet.
1011 1682 1014 1687 .
1040 1631 1193 1698 Liberum

177 1721 218 1784 fit
238 1732 344 1782 tamen
366 1720 464 1781 etiarn
486 1717 578 1794 attis,
630 1718 663 1779 ui
692 1717 819 1803 aliquoe
849 1717 886 1779 ad
917 1717 951 1787 id
971 1729 1194 1804 aptoenuve-

177 1806 270 1881 rint,
300 1824 413 1866 eorum
442 1801 576 1866 nomina
602 1739 747 1879 deferre,
781 1802 929 1887 utpoffit
949 1805 1053 1889 postea
1076 1805 1116 1867 de
1137 1828 1195 1869 cu·

177 1891 310 1976 juslibet
326 1901 448 1965 aetate„
483 1888 645 1963 moribus,
664 1897 709 1950 et
739 1886 928 1951 sufficientia
945 1890 1029 1951 ·fieri
1051 1890 1194 1971 diligens

177 1975 355 2061 inquifitio.
398 1973 439 2036 Et
459 1973 484 2034 fi
508 1977 670 2061 episcopo,
693 1984 747 2034 aut
768 1972 891 2053 synodo
912 1975 1108 2058 provinciali
1131 1998 1191 2059 pro

176 2061 323 2140 regionis
342 2080 434 2123 mora
455 2058 740 2140 videbitur‘magie
767 2058 943 2142 expedire,
972 2081 1030 2145 per
1053 2061 1193 2125 edictum

176 2147 276 2209 etiam
293 2147 456 2232 publicum
474 2156 636 2219 vocentur,
658 2145 714 2231 qui
728 2145 842 2207 volent
857 2144 1046 2213 examinari.
1069 2145 1194 2208 Trana·

173 2244 249 2299 ¹acto
274 2232 441 2294 constituto
466 2242 610 2316 ternpore
632 2251 763 2305 omnea,
797 2230 853 2316 qui
884 2229 1036 2316 descripti
1059 2228 1193 2308 fuerint,

176 2319 441 2397 ¹)examinentur
462 2318 500 2379 ab
522 2317 686 2400 episcopo,
702 2316 778 2390 five,
800 2337 839 2378 eo
860 2315 1030 2400 impedito,
1066 2319 1104 2378 ab
1125 2318 1193 2400 ejus

114 2448 116 2453 ·
177 2403 301 2466 vicario
329 2402 489 2480 generali,
523 2415 617 2487 atque
645 2402 683 2462 ab
717 2401 794 2463 aliis
823 2401 1098 2465 examinatoribus
1124 2424 1194 2468 non

175 2487 401 2572 paucioribuat,
423 2507 516 2570 quam
539 2486 660 2560 tribua3
680 2506 815 2570 quorum
836 2485 942 2560 votis,
968 2484 992 2546 fi
1014 2507 1119 2571 pares,
1140 2502 1194 2550 aut

176 2572 352 2650 fingutaras
374 2566 517 2645 fuerint,
551 2567 697 2631 accedere
723 2570 820 2653 posfit
842 2568 1027 2655 episcopus,
1060 2574 1115 2635 vel
1138 2575 1193 2636 vi·

177 2659 300 2730 carius,
333 2655 448 2740 quibus
471 2652 764 2731 magievidebitur.
816 2650 1063 2718 Exarninatoree
1085 2669 1191 2722 autern
1233 2715 1235 2717 ,

175 2741 311 2822 fingatis
333 2741 427 2802 annis
454 2738 489 2801 in
518 2738 702 2801 dioecesana
723 2735 847 2818 synodo
869 2740 907 2800 ab
930 2738 1103 2829 episcopo,
1137 2747 1190 2807 vel

59 2862 61 2875 =
176 2827 244 2911 ejus
268 2827 389 2887 vicario
419 2823 457 2885 ad
487 2824 594 2887 minus
620 2827 678 2888 fex
695 2828 947 2911 'proponantur3
981 2827 1036 2910 qui
1065 2829 1188 2909 synodo

173 2905 385 2986 satisfacient,
416 2920 450 2972 et
469 2911 506 2971 ab
528 2931 564 2971 ee
594 2912 778 2993 probentur.
841 2906 1110 2999 Advenienteque
1131 2935 1191 2977 va·

175 2999 302 3062 catione
321 2995 488 3079 cujuslibet
510 2994 674 3074 ecclefiee,
695 3005 761 3065 tres
783 3014 826 3057 ex
849 2996 920 3058 illis
942 2995 1042 3076 eligat
1062 2999 1192 3085 episco-

175 3105 255 3170 pua,
284 3083 340 3169 qui
368 3103 439 3145 curn
468 3101 507 3144 eo
533 3092 668 3144 examen
701 3080 891 3166 perficiant-3
922 3080 1061 3168 indeque
1082 3091 1190 3148 l'ucce-

174 3168 273 3232 dente
294 3169 357 3230 alia
379 3168 564 3243 vacatione,
588 3177 642 3228 aut
664 3166 804 3242 eoadem,
828 3176 882 3228 aut
901 3167 985 3230 aliea
1006 3180 1088 3243 tres,
1108 3191 1190 3257 quoa
1271 3213 1273 3219 -

176 3254 345 3329 maluerit,
366 3274 409 3317 ex
429 3252 603 3338 praedietis
622 3253 692 3315 illia
712 3256 769 3316 fex
790 3253 899 3330 eligat.
954 3251 1126 3317 Sint'vero
1151 3256 1190 3319 hi

172 3340 433 3414 examinatores,
455 3337 612 3419 magistri,
634 3341 685 3401 feu
708 3337 874 3410 doctores,
896 3346 949 3398 aut
969 3338 1130 3402 licentiati
1151 3342 1189 3406 in
1264 3419 1266 3423 y

94 3496 98 3505 ι
166 3424 365 3508 fibeologia,
394 3433 447 3486 aut
464 3424 531 3506 jore
552 3423 724 3499 canonico,
755 3423 808 3484 vei
829 3423 887 3484 alii
909 3423 1035 3496 clerici,
1065 3425 1116 3488 [eu
1134 3448 1188 3490 re-

174 3504 434 3593 gulares,'etia1n
455 3532 498 3572 ex
519 3509 632 3573 ordine
654 3505 923 3587 mendicantium,
945 3519 999 3574 aut
1018 3510 1116 3576 etiarn
1135 3517 1189 3578 se-

174 3653 624 3669 m*

211 3745 422 3815 atterminatis
448 3743 538 3800 Hard.
556 3770 593 3786 -
627 3739 792 3810 esthabere
814 3737 905 3810 Vita,
930 3742 1021 3800 ntem.

184 3899 186 3902 -
210 3867 241 3935 q)
255 3861 326 4000 geli.
346 3865 407 3919 vlt.
421 3861 458 3917 de
476 3861 590 3922 reform.
608 3877 633 3916 o.
652 3869 696 3926 13·
710 3889 746 3902 -
781 3863 807 3929 r)
824 3859 892 3919 Sett
907 3863 1002 3920 XXV.
1021 3861 1054 3916 de
1072 3861 1195 3919 reform,

212 3955 237 3993 o.
272 3977 282 3993 0
