2528 4522
124 295 173 362 10
330 276 422 381 App.
445 279 472 349 Ι.
500 280 545 350 ad
571 278 706 350 concil.
730 276 893 348 Trident.

121 464 275 547 gloriam,
293 475 389 553 atque
408 462 553 545 laudern,
574 474 607 529 et
629 459 800 526 Christiani
818 462 920 527 totius
941 462 1058 549 populi
1084 467 1134 527 sa·

120 555 222 615 lutam
254 549 501 629 absolvendum,
533 548 826 638 perficiendumque
854 548 1044 627 indicimus,
1076 571 1134 613 an-

121 641 325 715 nuntiamus,
347 659 580 715 convocamus,
600 635 778 713 sratuimus,
800 626 893 720 at'que
913 635 1134 712 decernimus3

121 745 235 802 omnes
255 724 403 786 omnibus
423 745 465 786 ex
486 723 568 785 locis
595 734 661 785 tarn
695 723 896 785 venerabiles
926 717 1041 784 fratres
1072 744 1134 783 no-

120 811 198 872 hros
218 811 439 895 patriarchas,
459 807 738 894 archiepiscopos,
762 807 930 893 episcopos
952 804 1006 892 Π),
1028 817 1061 869 et
1083 807 1135 867 di-

120 894 223 958 lectos
246 896 334 958 filios
352 897 497 972 abbates,
524 916 618 980 quam
647 893 730 955 alios
752 914 987 979 quoscumque,
1019 893 1133 977 quibus

120 981 198 1064 jure,
219 992 274 1043 aut
291 979 467 1066 privilegio
485 980 521 1042 in
534 978 681 1042 conciliis
694 978 896 1057 generalibus
910 976 1080 1052 resrdendi,
1103 989 1133 1040 et

57 1099 61 1111 ·
120 1067 294 1130 sententias
315 1068 349 1129 in
368 1067 415 1129 als
432 1063 559 1127 dicendi
575 1062 725 1150 permissa
743 1063 878 1149 potestas
897 1063 947 1142 all,
968 1063 1133 1150 requiren-

120 1163 181 1227 tes,
199 1151 373 1228 hortantes,
389 1150 609 1226 admonentes,
631 1171 666 1212 ac
680 1150 896 1212 nihilominus
908 1151 956 1211 eis
968 1146 1012 1221 12)
1037 1149 1073 1210 vi
1085 1148 1134 1231 ju-

46 1274 49 1282 «
121 1236 307 1321 risjurandi,
328 1237 412 1323 quod
426 1237 530 1308 nobis,
556 1247 588 1298 et
601 1237 677 1301 huic
690 1239 815 1298 sanctae
826 1234 892 1299 sedi
904 1234 1135 1321 praestiterunt,

120 1343 155 1384 ac
176 1325 298 1386 sanctae
320 1325 441 1386 virtute
463 1321 675 1398 obedientiae,
696 1321 833 1408 aliisque
853 1323 908 1383 sub
931 1321 1046 1407 poenis
1068 1319 1134 1402 jure

120 1418 174 1470 aut
196 1408 423 1472 consuetudine
445 1407 480 1472 in
502 1406 769 1471 celebrationibus
783 1407 994 1469 conciliorum
1017 1403 1135 1467 adver-

120 1496 173 1558 sus
193 1516 261 1557 non
283 1493 467 1562 accedentes
487 1488 585 1570 ferri,
606 1505 639 1556 et
660 1491 803 1578 proponi
824 1492 947 1568 solitis,
978 1489 1135 1554 mandan-

121 1589 191 1654 tes,
212 1590 358 1666 arctaque
379 1577 630 1664 praecipientes,
650 1592 684 1640 ut
704 1578 850 1665 ipsimet,
871 1579 931 1640 nisi
950 1571 1036 1639 sorte
1061 1575 1134 1659 justo

122 1664 325 1732 detineantur
347 1663 603 1750 impedimento,
638 1662 677 1725 de
700 1684 763 1749 quo
789 1675 896 1725 lernen
918 1660 1014 1725 fidem
1032 1659 1136 1724 facero

122 1751 377 1835 compellantur,
403 1759 457 1811 aut
479 1760 563 1814 certe
586 1769 644 1834 per
665 1752 739 1811 suos
760 1750 926 1828 legitimos
948 1759 1137 1833 procurato·

121 1855 185 1912 res,
208 1847 240 1897 et
253 1835 386 1911 nuntios
404 1839 490 1902 sacro
506 1833 580 1896 huic
599 1834 737 1896 concilio
752 1835 887 1896 omnino
900 1831 1021 1917 adesse,
1036 1845 1069 1895 et
1084 1833 1136 1894 iu-

123 1920 235 1983 teresse
257 1920 402 1983 debeant.
445 1919 548 2004 Supra
567 1919 801 1989 autemdictos‚
822 1921 1062 2005 imperatorem,
1085 1939 1137 1980 re-

123 2003 577 2091 gemqueChrillianissimum,
598 2027 657 2068 nec
677 2026 744 2067 nou
763 2016 887 2067 ceteros
908 2025 1011 2085 reges,
1032 2004 1137 2080 duces,

123 2092 307 2175 principes,
338 2112 475 2177 quorum
497 2092 693 2174 praesentia,
723 2090 848 2152 helias
871 2112 1040 2175 umquam,
1075 2089 1138 2150 hoc

123 2176 254 2324 guidem
278 2188 424 2263 tempore
444 2175 585 2240 maxime
606 2174 815 2239 sanctissimae
838 2172 952 2236 Christi
974 2175 1074 2251 fidei,
1106 2185 1138 2236 et

149 2261 374 2325 hristianorum
404 2261 551 2325 omnium
579 2258 684 2325 sutura
711 2259 751 2324 est
772 2261 941 2336 salutaris,
976 2273 1139 2341 rogantes,

121 2357 216 2433 atque
246 2350 445 2411 obsecrantes
475 2367 534 2431 per
568 2349 689 2409 viscera
723 2343 963 2408 missricordiae
984 2344 1071 2423 Dei,
1108 2356 1140 2411 ot

121 2429 258 2493 Domini
278 2432 375 2495 nostri
397 2429 470 2494 lesu
494 2429 626 2505 Christi,
649 2430 736 2511 cujus
756 2429 836 2491 fidei
858 2431 996 2510 veritas,
1030 2443 1063 2494 et
1085 2455 1141 2497 re-

120 2517 204 2595 ligio
229 2525 263 2577 et
282 2517 388 2591 intus,
418 2528 451 2577 et
480 2526 572 2577 extra
599 2517 741 2596 graviter
761 2514 823 2599 jam
845 2527 1070 2600 oppugnator,
1096 2529 1142 2597 ut,

121 2600 284 2668 fisalvam
304 2602 422 2664 volunt
443 2597 649 2662 Christianam
679 2598 743 2663 else
765 2621 869 2684 remp.
890 2600 915 2662 fi
935 2606 968 2665 se
991 2599 1141 2667 Domino

123 2686 306 2761 obstrictos,
326 2696 358 2748 et
380 2684 541 2766 obligatos
562 2707 622 2771 pro
646 2685 798 2749 maximis
819 2685 911 2749 illius
933 2706 1007 2768 erga
1029 2691 1063 2751 so
1084 2691 1143 2755 be·

121 2770 249 2838 neficiis
270 2770 479 2851 intelligunt,
499 2791 540 2832 rra
563 2770 708 2833 deserant
727 2771 824 2854 ipsius
850 2769 912 2833 Dei
933 2777 1079 2853 caulam,
1109 2787 1143 2838 et

45 2931 48 2936 Α
121 2858 308 2938 negotiumr
343 2858 470 2941 ipfimet
496 2856 534 2919 ad
558 2857 637 2922 sacri
659 2857 789 2920 concilii
809 2857 1059 2922 celebrationem
1081 2881 1143 2924 re·

14 3922 103 4256 t

120 2943 231 3024 nient,
264 2943 299 3005 i'n
320 2964 383 3027 quo
410 2943 553 3028 ipsorum
575 2943 695 3028 pietas,
727 2954 821 3029 atque
843 2942 946 3006 virtus
975 2946 1143 3010 communi

120 3027 278 3105 utilitati,
314 3028 471 3114 salutique
492 3026 581 3102 suae,
613 3038 863 3103 accolanarum,
899 3041 933 3091 et
956 3033 1143 3115 temporali,

123 3127 155 3176 et
171 3125 318 3176 aeternae
339 3116 516 3196 plurimum
549 3112 589 3174 est
610 3108 790 3199 profutura.
855 3112 913 3176 Sin
946 3125 1072 3193 autem,
1104 3117 1141 3181 id

123 3197 209 3285 qnod
230 3201 408 3276 nollemus,
431 3198 576 3261 accedere
597 3198 657 3283 ipsr
678 3210 940 3284 nonspoterunt3
972 3212 1003 3266 at
1022 3207 1141 3281 'graves

123 3285 232 3352 saltem
253 3285 343 3348 viros
364 3286 487 3366 legatos
507 3307 578 3347 cum
599 3284 787 3346 auctoritate
808 3286 960 3361 mittant,
983 3287 1039 3372 qui
1061 3310 1143 3375 per-

121 3373 233 3437 sonam
255 3369 413 3456 principis
435 3370 484 3435 sui
505 3371 639 3456 quisque
660 3380 692 3432 et
714 3391 786 3432 cum
800 3370 988 3458 prudentia,
1011 3383 1043 3435 et
1067 3396 1141 3439 cnm

122 3454 281 3536 dignitate
305 3457 423 3539 possint
445 3457 480 3518 in
502 3457 640 3518 concilio
665 3449 794 3518 referre.
857 3454 1034 3543 Inprimis
1058 3480 1140 3524 vero

122 3550 158 3602 ut
179 3539 211 3602 id
238 3552 369 3617 curant,
404 3539 490 3627 quod
520 3541 595 3626 ipsis
623 3535 815 3603 facillimum
836 3541 898 3618 est,
937 3554 971 3605 ut
1001 3565 1044 3608 ex
1074 3545 1142 3610 suis

122 3625 271 3712 cujusque
301 3625 431 3706 regnis,
467 3648 502 3688 ac
530 3626 710 3712 provinciis
741 3627 903 3718 episcopi,
936 3639 969 3691 et
1000 3633 1142 3715 praelati

121 3711 187 3775 fine
209 3711 487 3792 tergiversatione,
510 3724 542 3774 et
563 3733 655 3775 mora
675 3710 713 3773 ad
736 3713 909 3776 concilium
932 3716 1142 3801 proficiscan-

121 3873 570 3893 mum-m

160 3981 205 4045 11)
224 3977 371 4049 episcopos
390 3995 438 4033 om.
457 3975 547 4035 Hord.
566 4005 602 4018 -·
638 3979 683 4049 19)
703 3980 731 4030 tn
750 3976 813 4028 add.
829 3975 929 4028 cadara.

126 4436 147 4481 l:
