2528 4522
92 294 117 382 6
279 286 372 384 App.
398 285 426 355 Ι.
450 282 497 355 ed
524 278 660 393 Concil.
685 282 848 355 Trident.

92 472 228 550 cilium,
256 480 289 534 et
312 469 474 555 praelatos
493 471 569 533 sooa
589 470 768 554 praesenter
789 464 959 544 ducerent,
988 465 1100 530 absen-

92 569 203 647 tesque
221 554 428 620 accerserent.
490 551 560 639 Qui
586 575 657 617 cum
684 554 724 616 de
744 564 880 640 utroque
902 557 934 617 fe
956 556 1099 616 excusat·

91 648 182 722 Ient,
221 641 305 730 quod
334 655 365 704 et
394 640 470 728 ipfie
498 639 604 704 redire
623 640 659 702 in
691 661 788 720 regna
814 643 868 702 sua
889 650 958 701 tom
981 637 1099 700 neceiie

92 728 188 806 effet,
226 741 259 791 et
286 728 463 814 praelator,
497 745 578 815 quoe
605 721 708 790 fecum
737 723 937 801 babuiss'ent,
974 724 1099 801 itinere,

93 827 124 878 at
150 836 188 877 ue
211 813 387 900 impendiis
417 809 536 888 feil'oe,
567 822 661 897 atque
691 811 859 875 exbauiioe
880 811 1036 887 recreari,
1070 821 1098 872 et

92 839 182 964 reIci
203 909 384 984 oporteret,
416 917 478 960 nos
500 897 617 960 hortati
648 901 742 974 Iunt,
780 909 815 960 ut
848 897 943 960 aliam
976 916 1099 984 quoque

93 987 357 1071 prorogationem
371 984 526 1068 temporie
546 982 685 1046 habendi
701 983 833 1046 concilii
845 982 1097 1046 decerneremus.

94 1068 169 1155 Qua
199 1072 234 1134 in
262 1091 298 1134 re
327 1069 526 1133 concedenda
547 1091 618 1132 curn
640 1067 775 1132 effemue
796 1069 995 1156 aliquantum
1017 1066 1100 1128 diffi-

94 1157 190 1232 cilee,
220 1157 342 1218 litterae
361 1154 494 1219 interim
515 1174 533 1216 a
554 1153 668 1236 legatie
690 1154 821 1232 nostrie,
852 1156 909 1240 qui
932 1153 1100 1216 Vicentire

94 1253 203 1317 erant,
223 1241 419 1327 accepimus,
438 1251 597 1303 transecto
618 1234 698 1322 janr',
726 1251 759 1304 et
777 1240 907 1321 longior
928 1239 1098 1326 praeterito

93 1327 227 1390 concilii
247 1326 381 1389 ineundi
402 1326 467 1401 die,
488 1347 586 1388 onum
611 1326 687 1402 vix,
707 1338 761 1389 aut
779 1327 915 1389 alterum
937 1347 980 1387 ex·
996 1335 1100 1388 exter-

93 1414 147 1476 nie
160 1412 344 1476 notionibus
359 1413 537 1498 praelatum
548 1410 736 1477 Vicentiam
757 1416 790 1476 Ie
812 1409 992 1475 contuliss'e.
1029 1407 1098 1493 Quo

92 1500 209 1562 nuntio
233 1509 379 1583 accepto,
409 1519 479 1560 cum
500 1497 682 1562 videremus
706 1519 745 1562 eo
766 1508 913 1583 tempore
932 1497 1023 1561 nulla
1043 1497 1099 1580 jam

94 1585 220 1648 ratione
242 1583 353 1645 heberi
375 1582 547 1646 concilium
569 1581 677 1669 poise,
703 1583 780 1670 ipfis
801 1583 1003 1710 principibus
1024 1603 1100 1644 con-

94 1668 253 1746 ceifimue,
277 1679 312 1731 ut
325 1667 509 1733 differretur
525 1680 653 1754 tempor
674 1669 789 1749 agendi
820 1675 832 1743 )
854 1667 1099 1753 concilii‘ueque

95 1753 133 1816 ad
155 1759 295 1817 sanctum
317 1752 451 1833 Pascha,
489 1754 636 1841 diemque
668 1749 778 1819 festum
807 1751 930 1817 futurae
952 1752 1099 1815 Domini·

95 1859 149 1901 cae
171 1838 423 1903 resurrectionis.
465 1837 558 1922 cujus
579 1839 676 1902 nostri
694 1843 876 1927 praecepti,
905 1839 1100 1924 expectatio·

94 1925 211 2010 nisque
234 1925 376 1988 decretae
398 1918 566 2006 litieraess)
586 1922 737 2006 Gonane,
768 1948 852 1989 anno
875 1923 1099 1988 incarnationis

95 2007 232 2072 Domini
251 2010 296 2074 nt.
317 2008 356 2076 D.
379 2007 591 2076 XXXVIII.
609 2008 671 2076 IV.
691 2011 758 2074 kat.
779 2012 843 2077 tut.
866 2007 976 2087 factae,
999 2009 1101 2094 publi-

95 2107 243 2181 catoeque
260 2096 342 2159 Iunt.
407 2091 515 2182 Atque
538 2098 619 2159 benc
646 2097 838 2162 dilutionem
859 2118 898 2160 eo
921 2096 1101 2182 propensius

94 2175 247 2258 fecimus,
281 2179 365 2267 quod
397 2183 565 2267 pollicitus
598 2181 638 2244 en
668 2185 762 2247 nobie
791 2195 922 2270 uterque
957 2183 1100 2267 princepe

94 2265 216 2346 legatus
239 2271 311 2330 fuce
332 2265 469 2330 Rumam
490 2267 528 2330 ad
551 2288 611 2330 noe
632 2266 663 2330 Ie
687 2267 869 2344 miii'ururn,
894 2278 928 2330 ut
953 2288 1006 2341 ea,
1029 2286 1102 2353 quae

93 2351 131 2413 ad
162 2346 395 2437 perfectionem
424 2353 510 2436 pacis
539 2353 663 2438 relique
689 2351 810 2430 effent,
842 2374 945 2440 neque
975 2353 1102 2417 Nicaeae

95 2439 136 2498 ob
159 2438 349 2498 brevitatem
374 2437 530 2521 temporie
552 2448 723 2520 potuerant
744 2440 854 2501 omnia
876 2440 1011 2511 confici,
1038 2436 1102 2500 Ro-

96 2541 166 2582 mae
189 2519 388 2583 commodine
410 2542 515 2584 coram
547 2522 641 2583 nubis
662 2534 846 2603 egerentur,
882 2535 914 2586 et
935 2535 1102 2588 tractaren-

93 2618 159 2670 tur.
221 2603 263 2668 Et
294 2606 335 2666 ob
367 2605 449 2667 banc
476 2604 632 2670 rationem
652 2610 750 2672 etiam
772 2630 789 2671 e
815 2610 910 2674 nobie
932 2611 1025 2671 ambo
1043 2606 1103 2694 ¹pe-

94 2692 234 2766 tierent,
254 2701 289 2756 ut
310 2691 386 2752 haec
409 2692 643 2776 pacificationis
664 2696 847 2780 procuratio
870 2695 1002 2758 concilii
1022 2698 1104 2759 cela-

96 2777 237 2838 brationi
268 2790 538 2861 praeponeretur,
572 2800 644 2849 cum
668 2782 773 2870 ipsum
806 2781 1000 2857 concilium,
1032 2799 1104 2867 pace
1138 2798 1140 2815 ¹

95 2860 195 2937 facta,
231 2863 332 2924 multo
363 2859 479 2927 deinde
502 2862 628 2942 utilius,
662 2878 695 2930 et
728 2867 895 2929 salutarius
916 2859 1131 2930 Christianae

95 2947 176 3033 reip.
206 2942 349 3012 futurum
379 2945 467 3011 eII'et.
525 2949 659 3037 Semper
688 2953 776 3014 enim
813 2953 891 3014 haec
920 2952 1008 3037 pecie
1038 2953 1104 3038 Ipea

95 3035 189 3096 nobie
221 3033 334 3117 injecta
388 3034 547 3124 rinprum
580 3056 640 3098 noe
673 3038 893 3106 voluntatibus
922 3035 1105 3117 aisentiri9)

95 3119 223 3180 hortata
244 3120 294 3185 est.
349 3053 455 3202 (Ioum
487 3125 575 3206 spern
602 3121 810 3185 vehementer
832 3123 923 3185 nuxit
944 3124 1012 3208 post
1039 3123 1106 3186 die-

97 3203 214 3266 cess'urn
246 3203 399 3268 aNicaea
429 3206 565 3269 nostrum
596 3207 739 3292 ipsorum
766 3207 901 3270 duorum
924 3210 1106 3296 principum

94 3289 184 3352 inter
213 3293 245 3351 Ie
275 3291 431 3353 benevola
453 3292 614 3378 amicaque
635 3295 827 3373 congressio:
865 3317 944 3380 quae
967 3298 1107 3360 maxima

94 3375 197 3439 nostre
218 3396 289 3438 curn
313 3376 436 3438 laetitia
462 3380 595 3439 anobis
616 3378 793 3455 intellecta,
821 3382 1027 3442 confirmavit
1050 3402 1107 3444 noe

95 3459 131 3522 in
156 3462 238 3523 bona
259 3466 332 3546 i'pe,
352 3472 388 3524 ut
409 3461 536 3524 tandem
555 3463 727 3550 aliquando
750 3465 866 3528 nostrae
892 3487 1004 3550 preces
1025 3467 1108 3553 apud

94 3541 199 3608 Deum
221 3545 397 3622 exauditas,
417 3559 450 3609 et
473 3559 549 3609 vote
566 3550 651 3633 pacis
667 3563 793 3637 accepta
813 3548 875 3614 effe
895 3551 1108 3618 crederemur.

58 3654 62 3659 ·
94 3627 185 3694 Hanc
208 3631 307 3711 igitur
334 3632 423 3717 paria
454 3635 687 3700 conclusionem
715 3628 846 3701 cumf'et
873 3647 1109 3722 expeteremue,

105 3922 108 3933 .
131 3887 159 3951 8)
180 3886 281 3956 agendi
300 3905 350 3942 om.
371 3887 460 3947 Hard.
478 3916 514 3928 -
548 3889 578 3956 9)
597 3887 667 3944 aaut.
684 3885 821 3944 assentire.

14 3972 24 4077 f
131 3992 162 4058 g)
181 3992 426 4069 itimMouument.
445 3993 480 4047 ad
497 3989 591 4051 bilior.
610 3995 710 4050 concil.
726 3994 852 4048 Trident.
871 3995 905 4055 T.
917 3995 949 4052 n.
971 4013 998 4064 p.
1008 3998 1109 4071 618Iq.

14 4150 103 4256 k
