2528 4522
811 157 816 169 '
858 182 871 215 e

156 263 229 333 lbi
504 261 609 329 ludex
631 259 826 328 Liternino.

229 437 378 491 Eorumr
390 437 531 489 Zrcnnnur
545 437 743 491 commentarius
759 439 785 490 iu
796 442 909 505 quatuor
918 432 1074 503 Evangelia
1092 452 1181 503 graece

155 519 184 566 et
198 512 285 563 latiae.
321 509 434 560 'sextum
453 509 583 561 Graecum
598 525 728 576 nunquam
747 516 823 561 antee
839 508 939 560 editum
958 508 995 560 ad
1019 509 1102 562 fidem
1120 511 1180 560 duo

158 600 216 637 rum
235 582 358 634 Codicum
386 578 638 632 membranaceorum
665 580 877 633 bibliothecarum
903 579 959 632 SS.
981 581 1091 646 synodi
1112 581 1182 632 blo·⁴

158 652 260 723 quensnn
284 653 398 704 auctorit
424 657 511 702 aetate
536 652 686 719 scriptorum
710 653 847 718 diligenter
872 648 1009 703 recensuit
1028 660 1057 703 et
1076 654 1182 720 repetita

157 726 274 779 versione
293 725 369 775 latina
387 722 536 773 Joannln
554 723 725 776 Hentenii
750 723 853 790 suiaque
877 721 994 788 adjectio
1020 724 1182 776 animadver-

159 796 270 859 fionlbuq
294 793 375 846 edidit
395 791 609 845 Christianun
632 794 760 848 Frider.
788 793 962 846 Mettbeei
992 792 1182 860 (collegiorum

157 867 329 935 imperialium
349 863 512 916 Rolsrcorum
530 866 633 917 assessor
659 874 685 917 et
710 866 865 917 Academiae
882 864 1054 931 vitemberg.
1073 869 1181 919 Graece.

160 939 211 992 litt.
222 935 370 1006 professor.)
381 933 499 1002 Lipfiae‚
511 935 631 1003 impensio
641 937 864 992 Weldmannienie.
877 940 956 988 17⁹2.
965 935 1050 990 Tomi
1058 937 1110 992 lll.
1123 941 1181 994 iuti.

272 1006 301 1057 in
313 1005 459 1058 Matthaei
476 1008 527 1060 Εν.
545 1007 579 1064 Τ.
598 1008 670 1063 l.-P.
691 1013 715 1062 i.
732 1012 759 1062 2.

229 1096 471 1151 Exnnuvaounrae
489 1114 635 1152 cotronae
662 1099 714 1153 rid.
733 1098 869 1166 Corpus
893 1097 987 1164 jurio
1006 1101 1181 1154 canonici.

229 1185 349 1240 anranr
366 1187 462 1241 Pontis.
481 1187 554 1240 Max.
571 1185 698 1257 epistolae
722 1195 778 1239 trec
804 1187 832 1240 iu
849 1187 961 1243 collect.
979 1187 1088 1243 Concil-
1104 1191 1132 1244 J.
1152 1191 1181 1244 li.

155 1255 250 1310 umn-
269 1257 303 1308 T·
321 1256 342 1310 Ι.
359 1276 386 1326 pa
403 1263 458 1310 Πο
476 1257 531 1326 sqq.
872 1264 874 1268 Ι

229 1329 341 1380 Ferenti
361 1330 410 1383 rid.
428 1330 612 1382 Dusreane.

234 1401 415 1452 Funcunrrun
435 1400 587 1455 liusennara
598 1401 629 1465 ⁶).

229 1472 258 1525 S.
279 1472 457 1539 Fuigentii
477 1471 618 1539 Ruspcnsit
634 1468 757 1540 Episcopi
775 1470 877 1538 Opera,
904 1485 973 1541 quae
999 1468 1064 1525 sunt
1082 1473 1178 1541 publici

158 1543 228 1610 juria
245 1545 348 1600 omnia,
368 1544 401 1596 ad
422 1543 608 1610 manuscriptos
627 1543 737 1595 Codices
755 1544 857 1610 piuren,
876 1556 924 1594 nec
938 1558 1017 1594 -uon
1032 1545 1067 1596 ed
1087 1545 1177 1597 editio·

161 1628 209 1667 nen
235 1615 393 1680 antiquiores
424 1621 451 1667 et
477 1615 652 1680 castigatiores
682 1613 834 1679 emendata,
861 1620 954 1678 aucta,
984 1621 1015 1666 et
1045 1616 1073 1668 in
1101 1632 1176 1668 unum

160 1684 246 1737 omnia
264 1684 381 1736 rolumen
400 1701 466 1738 nunc
484 1687 592 1754 primum
611 1684 730 1738 collecta.
777 1685 909 1738 decessere
927 1691 1069 1749 praeterea
1087 1688 1114 1739 in
1134 1685 1177 1740 bac

159 1757 243 1808 nostre
260 1755 371 1808 editione
391 1755 425 1807 Ι).
442 1756 583 1808 Amedei
602 1755 716 1823 episcopi
733 1753 903 1808 inausanensra
920 1754 1054 1811 homiliae.
1094 1760 1177 1811 Vene-

159 1825 309 1950 riamlnp'ud
325 1827 491 1895 Augustinum
509 1827 616 1881 savioli.
636 1831 714 1881 1142.
731 1827 777 1881 sol.
796 1829 965 1897 superiorum
983 1830 1131 1898 permissu,
1148 1846 1177 1884 ac

159 1899 304 1967 pomo

157 1985 208 2043 Ad
224 1989 370 2041 Monirnum
387 1986 450 2040 libri
464 1990 521 2042 111.
719 1988 815 2042 vilium
827 1989 986 2051 animalium
999 2001 1127 2059 auctore,
1142 1993 1178 2046 od

158 2057 208 2114 Ad
227 2059 433 2128 Trastmundnm
457 2077 542 2132 regem
569 2060 645 2112 Van·
719 2061 851 2112 Scarilum
869 2061 944 2112 tiber.

198 2128 319 2185 doiorum
337 2133 365 2183 in
382 2131 483 2201 Africa
506 2129 569 2184 libri
585 2133 643 2187 III.
685 2132 727 2185 Da
748 2132 809 2201 fide
829 2130 881 2199 scu
911 2133 943 2183 de
970 2134 1073 2257 nim
1100 2155 1177 2191 verae

157 2200 294 2271 Epistulae
308 2203 421 2260 XVIII.
714 2203 801 2273 fidei.
819 2203 857 2255 ad
872 2207 986 2257 Petrum
1014 2205 1082 2258 ibet.

159 2275 201 2326 De
219 2275 344 2328 trinitate
367 2275 404 2325 od
420 2274 532 2328 Felicem
555 2275 644 2326 Nola·
684 2278 827 2330 Sermones.

193 2342 262 2397 rium
283 2346 355 2398 liber.
685 2349 849 2416 Fragmenta
888 2342 979 2403 libror.
1013 2349 1057 2405 X.
1082 2359 1178 2402 contro

159 2417 258 2469 Contra
273 2416 417 2486 sermonem
433 2412 645 2481 FastidiofiAr-
721 2416 880 2470 Fabianum·

194 2489 281 2553 niani,
299 2489 336 2538 ad
356 2488 486 2538 Victorem
504 2486 578 2540 liber.
686 2489 715 2542 ln
734 2489 899 2557 Appendiuet
917 2488 1066 2547 Sermones.

158 2559 201 2610 De
232 2557 416 2609 incarnatione
443 2556 507 2606 Filr'r'
534 2556 586 2605 Dei
616 2565 644 2607 at

230 2632 411 2681 Gnnnnnnrua
431 2627 482 2680 vid.
500 2625 736 2682 liibiiothecn
753 2638 908 2683 veterum
926 2630 1016 2683 Patr.

231 2702 393 2752 Grunnnnrr
413 2698 540 2751 sermonen
558 2696 609 2752 srva
636 2706 768 2755 tractatur.
815 2701 873 2754 Vid.
901 2702 1096 2758 Brixianae
1126 2721 1178 2759 ec·

158 2770 292 2826 clesiae
312 2770 489 2838 Episcopi.

230 2845 346 2896 Gramen
375 2841 602 2898 1.Ponttt.ltlax.
627 2842 755 2912 epistolae
781 2845 807 2898 in
828 2844 939 2898 Colleot.
965 2845 1069 2901 Goucil.
1098 2849 1126 2903 J.
1145 2849 1177 2902 li.

158 2915 238 2970 Manli
257 2917 290 2968 T.
309 2913 381 2968 Vlll.
400 2931 425 2982 p.
445 2913 526 2982 lsqq.

229 2989 405 3040 Gnnnnnrua.
481 2998 488 3014 ²

230 3063 255 3111 c
265 3058 403 3112 ennacrr
422 3054 582 3108 neronam
592 3043 809 3125 presbyterium
824 3055 1052 3124 reecczefiastnn
1064 3057 1175 3129 aogma-

159 3128 296 3195 tibnr·⁸).
340 3130 457 3193 (Veteris
475 3128 607 3195 cujusdam
626 3129 753 3195 Theologi
782 3130 885 3183 bomilia
913 3127 993 3183 sacra.
1041 3131 1177 3184 Marcialio

157 3201 280 3270 Episcopi
317 3197 506 3254 Lemovicensia
532 3202 675 3267 epistolae.)
702 3200 943 3254 Geverhartua
969 3200 1178 3256 Elmcnlror-

158 3275 237 3324 ilina
256 3289 289 3324 ex
308 3273 356 3325 Ms.
376 3272 552 3338 provulgavit,
570 3280 596 3324 et
614 3272 696 3325 Notat
714 3273 820 3327 addidit.
839 3269 1001 3343 Hamburgi,
1019 3275 1178 3329 conoides-

157 3343 210 3396 sroe
229 3346 298 3409 regie
315 3343 413 3396 aeterni
434 3346 510 3396 1614.
529 3346 555 3398 4.
569 3341 629 3408 five
646 3344 704 3394 alia
721 3345 812 3403 editio.

229 3417 394 3468 Gannunue.

231 3487 394 3537 Germani
411 3483 577 3539 Patriarcirne
603 3485 871 3553 Constantinopoliteui
898 3482 1002 3536 theoria
1029 3483 1083 3538 sive
1112 3507 1179 3538 con-

160 3556 298 3623 templatio
325 3575 412 3606 rernm
439 3556 686 3625 ecclestosticarum.
715 3559 740 3610 itt
766 3556 889 3611 biblioth.
907 3559 979 3611 Patr.
1007 3573 1030 3612 c.
1049 3560 1177 3614 Gallund.

70 3690 76 3699 ι
159 3630 193 3682 Τ.
212 3626 285 3682 Xlli.
304 3645 329 3694 p.
348 3632 400 3678 203
421 3629 473 3694 sqq.

162 3719 599 3735 W·-

214 3774 242 3839 ‘i
263 3771 328 3839 lljua
346 3771 432 3838 Opera
451 3759 547 3821 exlieut
565 3784 668 3836 quoque
680 3770 710 3822 in
728 3769 851 3824 Biblioth.
861 3772 932 3826 Patr.
945 3771 1060 3824 Maxima
1079 3773 1115 3828 T.
1127 3774 1178 3828 tx.

201 3844 239 3910 '⁸)
257 3846 299 3893 De
311 3842 384 3910 fide,
412 3838 463 3907 seu
482 3840 513 3890 de
530 3839 710 3909 Dogmatt'bue
734 3841 917 3908 ccclefiasticie
942 3840 1008 3893 liber
1034 3843 1075 3892 ad
1092 3845 1177 3895 Gelu-

115 3913 120 3926 *
157 3913 230 3980 stum
247 3918 352 3982 Papam
376 3911 481 3979 mistus,
507 3913 550 3980 qui
576 3914 715 3980 Augustino
742 3916 809 3968 mule
834 3914 992 3986 aul'criptua,
1018 3915 1087 3968 inter
1105 3917 1178 3970 illiue

161 3987 248 4052 Opera
267 3986 354 4040 baberi
374 3984 448 4039 Iolct.
