<?xml version="1.0" encoding="UTF-8"?>
<!DOCTYPE html PUBLIC "-//W3C//DTD XHTML 1.0 Transitional//EN"
    "http://www.w3.org/TR/xhtml1/DTD/xhtml1-transitional.dtd">
<html xmlns="http://www.w3.org/1999/xhtml" xml:lang="en" lang="en">
 <head>
  <title>
</title>
<meta http-equiv="Content-Type" content="text/html;charset=utf-8" />
  <meta name='ocr-system' content='tesseract 3.04.00' />
  <meta name='ocr-capabilities' content='ocr_page ocr_carea ocr_par ocr_line ocrx_word'/>
</head>
<body>
  <div class='ocr_page' id='page_1' title='image "./librisymbolicie00stregoog/librisymbolicie00stregoog_0072.png"; bbox 0 0 2528 4522; ppageno 0'>
   <div class='ocr_carea' id='block_1_1' title="bbox 315 268 1132 370">
    <p class='ocr_par' dir='ltr' id='par_1_1' title="bbox 315 268 1132 370">
     <span class='ocr_line' id='line_1_1' title="bbox 315 268 1132 370; baseline 0.002 -24"><span class='ocrx_word' id='word_1_1' title='bbox 315 277 419 348; x_wconf 88' lang='lat' dir='ltr'><strong>Bulla</strong></span> <span class='ocrx_word' id='word_1_2' title='bbox 446 275 615 370; x_wconf 76' lang='lat' dir='ltr'><strong>resumpt.</strong></span> <span class='ocrx_word' id='word_1_3' title='bbox 636 268 754 346; x_wconf 81' lang='lat' dir='ltr'><strong>Cous.</strong></span> <span class='ocrx_word' id='word_1_4' title='bbox 775 274 938 349; x_wconf 84' lang='lat' dir='ltr'><strong>Trident.</strong></span> <span class='ocrx_word' id='word_1_5' title='bbox 1085 271 1132 358; x_wconf 86' lang='lat'><strong>61</strong></span> 
     </span>
    </p>
   </div>
   <div class='ocr_carea' id='block_1_2' title="bbox 82 455 1144 3535">
    <p class='ocr_par' dir='ltr' id='par_1_2' title="bbox 82 455 1144 3535">
     <span class='ocr_line' id='line_1_2' title="bbox 122 455 1135 547; baseline 0.002 -22"><span class='ocrx_word' id='word_1_6' title='bbox 122 460 227 525; x_wconf 89' lang='lat' dir='ltr'><strong>ximis</strong></span> <span class='ocrx_word' id='word_1_7' title='bbox 257 455 376 524; x_wconf 87' lang='lat' dir='ltr'><strong>futuris</strong></span> <span class='ocrx_word' id='word_1_8' title='bbox 407 457 557 524; x_wconf 77' lang='lat' dir='ltr'>kalendis</span> <span class='ocrx_word' id='word_1_9' title='bbox 587 458 681 544; x_wconf 87' lang='lat' dir='ltr'><strong>Maji,</strong></span> <span class='ocrx_word' id='word_1_10' title='bbox 713 480 806 545; x_wconf 89' lang='lat' dir='ltr'><strong>quem</strong></span> <span class='ocrx_word' id='word_1_11' title='bbox 840 459 926 525; x_wconf 91' lang='lat' dir='ltr'><strong>diem</strong></span> <span class='ocrx_word' id='word_1_12' title='bbox 959 459 998 524; x_wconf 88' lang='lat' dir='ltr'><strong>ad</strong></span> <span class='ocrx_word' id='word_1_13' title='bbox 1030 460 1135 547; x_wconf 90' lang='lat' dir='ltr'><strong>ipsum</strong></span> 
     </span>
     <span class='ocr_line' id='line_1_3' title="bbox 122 546 1136 632; baseline -0.001 -21"><span class='ocrx_word' id='word_1_14' title='bbox 122 547 300 611; x_wconf 88' lang='lat' dir='ltr'><strong>concilium</strong></span> <span class='ocrx_word' id='word_1_15' title='bbox 326 548 362 609; x_wconf 91' lang='lat' dir='ltr'><strong>in</strong></span> <span class='ocrx_word' id='word_1_16' title='bbox 397 568 455 623; x_wconf 91' lang='lat' dir='ltr'><strong>eo,</strong></span> <span class='ocrx_word' id='word_1_17' title='bbox 483 547 517 608; x_wconf 93' lang='lat' dir='ltr'><strong>in</strong></span> <span class='ocrx_word' id='word_1_18' title='bbox 548 567 610 632; x_wconf 94' lang='lat' dir='ltr'><strong>quo</strong></span> <span class='ocrx_word' id='word_1_19' title='bbox 639 567 723 609; x_wconf 78' lang='lat' dir='ltr'><strong>nurse</strong></span> <span class='ocrx_word' id='word_1_20' title='bbox 743 547 920 632; x_wconf 83' lang='lat' dir='ltr'><strong>reperitur,</strong></span> <span class='ocrx_word' id='word_1_21' title='bbox 955 547 1029 608; x_wconf 85' lang='lat' dir='ltr'><strong>llatu</strong></span> <span class='ocrx_word' id='word_1_22' title='bbox 1048 546 1098 611; x_wconf 85' lang='lat' dir='ltr'><strong>res</strong></span> <span class='ocrx_word' id='word_1_23' title='bbox 1121 584 1136 596; x_wconf 93' lang='lat'><em>-</em></span> 
     </span>
     <span class='ocr_line' id='line_1_4' title="bbox 122 631 1136 719; baseline 0.001 -25"><span class='ocrx_word' id='word_1_24' title='bbox 122 633 278 696; x_wconf 89' lang='lat' dir='ltr'><strong>mendum</strong></span> <span class='ocrx_word' id='word_1_25' title='bbox 306 644 338 695; x_wconf 88' lang='lat' dir='ltr'><strong>et</strong></span> <span class='ocrx_word' id='word_1_26' title='bbox 359 631 633 719; x_wconf 88' lang='lat' dir='ltr'><strong>prosequendum,</strong></span> <span class='ocrx_word' id='word_1_27' title='bbox 666 633 797 716; x_wconf 84' lang='lat' dir='ltr'><strong>praevia</strong></span> <span class='ocrx_word' id='word_1_28' title='bbox 826 643 947 696; x_wconf 87' lang='lat' dir='ltr'><strong>matuta</strong></span> <span class='ocrx_word' id='word_1_29' title='bbox 977 632 1136 695; x_wconf 85' lang='lat' dir='ltr'><strong>delibera-</strong></span> 
     </span>
     <span class='ocr_line' id='line_1_5' title="bbox 124 717 1136 804; baseline 0.002 -24"><span class='ocrx_word' id='word_1_30' title='bbox 124 721 236 795; x_wconf 90' lang='lat' dir='ltr'><strong>tione,</strong></span> <span class='ocrx_word' id='word_1_31' title='bbox 267 729 367 781; x_wconf 79' lang='lat' dir='ltr'><strong>et&#39;ex</strong></span> <span class='ocrx_word' id='word_1_32' title='bbox 398 728 481 780; x_wconf 84' lang='lat' dir='ltr'><strong>certa</strong></span> <span class='ocrx_word' id='word_1_33' title='bbox 503 717 605 780; x_wconf 81' lang='lat' dir='ltr'><strong>nostra</strong></span> <span class='ocrx_word' id='word_1_34' title='bbox 632 719 783 801; x_wconf 82' lang='lat' dir='ltr'><strong>scientia,</strong></span> <span class='ocrx_word' id='word_1_35' title='bbox 815 729 848 780; x_wconf 87' lang='lat' dir='ltr'><strong>et</strong></span> <span class='ocrx_word' id='word_1_36' title='bbox 877 719 916 781; x_wconf 89' lang='lat' dir='ltr'><strong>de</strong></span> <span class='ocrx_word' id='word_1_37' title='bbox 949 719 1136 804; x_wconf 82' lang='lat' dir='ltr'><strong>apostolicae</strong></span> 
     </span>
     <span class='ocr_line' id='line_1_6' title="bbox 120 799 1137 888; baseline 0 -22"><span class='ocrx_word' id='word_1_38' title='bbox 120 804 322 867; x_wconf 74' lang='lat' dir='ltr'><strong>auctoritatis</strong></span> <span class='ocrx_word' id='word_1_39' title='bbox 344 801 564 888; x_wconf 86' lang='lat' dir='ltr'><strong>plenitudine,</strong></span> <span class='ocrx_word' id='word_1_40' title='bbox 598 823 633 865; x_wconf 90' lang='lat' dir='ltr'><strong>ac</strong></span> <span class='ocrx_word' id='word_1_41' title='bbox 662 805 895 867; x_wconf 85' lang='lat' dir='ltr'><strong>venerabilium</strong></span> <span class='ocrx_word' id='word_1_42' title='bbox 917 799 1050 866; x_wconf 80' lang='lat' dir='ltr'><strong>fratrum</strong></span> <span class='ocrx_word' id='word_1_43' title='bbox 1072 827 1137 866; x_wconf 92' lang='lat' dir='ltr'><strong>no-</strong></span> 
     </span>
     <span class='ocr_line' id='line_1_7' title="bbox 119 887 1136 967; baseline 0.001 -16"><span class='ocrx_word' id='word_1_44' title='bbox 119 890 276 967; x_wconf 77' lang='lat' dir='ltr'><strong>strorum,</strong></span> <span class='ocrx_word' id='word_1_45' title='bbox 311 894 432 952; x_wconf 87' lang='lat' dir='ltr'><strong>sanotae</strong></span> <span class='ocrx_word' id='word_1_46' title='bbox 454 887 617 951; x_wconf 83' lang='lat' dir='ltr'><strong>Romanae</strong></span> <span class='ocrx_word' id='word_1_47' title='bbox 637 890 781 951; x_wconf 89' lang='lat' dir='ltr'><strong>ecclesiae</strong></span> <span class='ocrx_word' id='word_1_48' title='bbox 803 889 1011 953; x_wconf 83' lang='lat' dir='ltr'><strong>cardinalium</strong></span> <span class='ocrx_word' id='word_1_49' title='bbox 1033 891 1136 965; x_wconf 77' lang='lat' dir='ltr'><strong>consi-</strong></span> 
     </span>
     <span class='ocr_line' id='line_1_8' title="bbox 119 973 1137 1054; baseline 0.002 -18"><span class='ocrx_word' id='word_1_50' title='bbox 119 976 188 1051; x_wconf 91' lang='lat' dir='ltr'><strong>lio,</strong></span> <span class='ocrx_word' id='word_1_51' title='bbox 211 973 242 1053; x_wconf 79' lang='lat'><strong>2)</strong></span> <span class='ocrx_word' id='word_1_52' title='bbox 266 973 401 1051; x_wconf 86' lang='lat' dir='ltr'><strong>assensu,</strong></span> <span class='ocrx_word' id='word_1_53' title='bbox 424 975 601 1050; x_wconf 84' lang='lat' dir='ltr'><strong>statuimus,</strong></span> <span class='ocrx_word' id='word_1_54' title='bbox 626 974 842 1052; x_wconf 90' lang='lat' dir='ltr'><strong>decernimus,</strong></span> <span class='ocrx_word' id='word_1_55' title='bbox 876 987 908 1037; x_wconf 91' lang='lat' dir='ltr'><strong>et</strong></span> <span class='ocrx_word' id='word_1_56' title='bbox 932 975 1137 1054; x_wconf 87' lang='lat' dir='ltr'><strong>declaramus,</strong></span> 
     </span>
     <span class='ocr_line' id='line_1_9' title="bbox 94 1059 1136 1146; baseline 0 -24"><span class='ocrx_word' id='word_1_57' title='bbox 94 1103 96 1109; x_wconf 88' lang='lat'>·</span> <span class='ocrx_word' id='word_1_58' title='bbox 121 1061 157 1123; x_wconf 87' lang='lat' dir='ltr'><strong>in</strong></span> <span class='ocrx_word' id='word_1_59' title='bbox 190 1060 261 1145; x_wconf 89' lang='lat' dir='ltr'><strong>ipsa</strong></span> <span class='ocrx_word' id='word_1_60' title='bbox 292 1062 424 1123; x_wconf 89' lang='lat' dir='ltr'><strong>civitate</strong></span> <span class='ocrx_word' id='word_1_61' title='bbox 455 1059 626 1136; x_wconf 87' lang='lat' dir='ltr'><strong>Tridenti,</strong></span> <span class='ocrx_word' id='word_1_62' title='bbox 655 1061 802 1139; x_wconf 86' lang='lat' dir='ltr'><strong>legitimo</strong></span> <span class='ocrx_word' id='word_1_63' title='bbox 834 1061 968 1124; x_wconf 82' lang='lat' dir='ltr'><strong>cessante</strong></span> <span class='ocrx_word' id='word_1_64' title='bbox 997 1061 1136 1146; x_wconf 88' lang='lat' dir='ltr'><strong>impedi·</strong></span> 
     </span>
     <span class='ocr_line' id='line_1_10' title="bbox 121 1147 1134 1231; baseline 0.001 -23"><span class='ocrx_word' id='word_1_65' title='bbox 121 1159 250 1222; x_wconf 84' lang='lat' dir='ltr'><strong>noento,</strong></span> <span class='ocrx_word' id='word_1_66' title='bbox 280 1148 472 1223; x_wconf 76' lang='lat' dir='ltr'><strong>reinvenire,</strong></span> <span class='ocrx_word' id='word_1_67' title='bbox 494 1157 526 1208; x_wconf 89' lang='lat' dir='ltr'><strong>et</strong></span> <span class='ocrx_word' id='word_1_68' title='bbox 547 1150 579 1208; x_wconf 88' lang='lat' dir='ltr'><strong>se</strong></span> <span class='ocrx_word' id='word_1_69' title='bbox 599 1167 807 1227; x_wconf 84' lang='lat' dir='ltr'><strong>congregare,</strong></span> <span class='ocrx_word' id='word_1_70' title='bbox 830 1168 864 1207; x_wconf 92' lang='lat' dir='ltr'><strong>ac</strong></span> <span class='ocrx_word' id='word_1_71' title='bbox 887 1148 984 1231; x_wconf 86' lang='lat' dir='ltr'><strong>ipsius</strong></span> <span class='ocrx_word' id='word_1_72' title='bbox 1007 1147 1134 1209; x_wconf 76' lang='lat' dir='ltr'><strong>conscilii</strong></span> 
     </span>
     <span class='ocr_line' id='line_1_11' title="bbox 120 1230 1136 1318; baseline -0.001 -24"><span class='ocrx_word' id='word_1_73' title='bbox 120 1233 360 1294; x_wconf 82' lang='lat' dir='ltr'><strong>continuationi</strong></span> <span class='ocrx_word' id='word_1_74' title='bbox 396 1243 428 1295; x_wconf 86' lang='lat' dir='ltr'><strong>et</strong></span> <span class='ocrx_word' id='word_1_75' title='bbox 452 1230 688 1318; x_wconf 76' lang='lat' dir='ltr'><strong>prosecutioni,</strong></span> <span class='ocrx_word' id='word_1_76' title='bbox 720 1233 810 1294; x_wconf 85' lang='lat' dir='ltr'><strong>ornni</strong></span> <span class='ocrx_word' id='word_1_77' title='bbox 841 1253 929 1295; x_wconf 85' lang='lat' dir='ltr'><strong>ruore</strong></span> <span class='ocrx_word' id='word_1_78' title='bbox 959 1232 1136 1318; x_wconf 78' lang='lat' dir='ltr'><strong>posposita,</strong></span> 
     </span>
     <span class='ocr_line' id='line_1_12' title="bbox 120 1315 1137 1402; baseline -0.001 -23"><span class='ocrx_word' id='word_1_79' title='bbox 120 1319 306 1380; x_wconf 89' lang='lat' dir='ltr'><strong>incumbere</strong></span> <span class='ocrx_word' id='word_1_80' title='bbox 337 1320 453 1380; x_wconf 82' lang='lat' dir='ltr'><strong>velint.</strong></span> <span class='ocrx_word' id='word_1_81' title='bbox 507 1315 574 1378; x_wconf 84' lang='lat' dir='ltr'><strong>Nos</strong></span> <span class='ocrx_word' id='word_1_82' title='bbox 606 1318 692 1379; x_wconf 87' lang='lat' dir='ltr'><strong>enim</strong></span> <span class='ocrx_word' id='word_1_83' title='bbox 728 1334 858 1402; x_wconf 83' lang='lat' dir='ltr'><strong>operam</strong></span> <span class='ocrx_word' id='word_1_84' title='bbox 888 1316 997 1379; x_wconf 88' lang='lat' dir='ltr'><strong>sedulo</strong></span> <span class='ocrx_word' id='word_1_85' title='bbox 1031 1319 1137 1379; x_wconf 90' lang='lat' dir='ltr'><strong>daturi</strong></span> 
     </span>
     <span class='ocr_line' id='line_1_13' title="bbox 121 1402 1142 1486; baseline -0.001 -20"><span class='ocrx_word' id='word_1_86' title='bbox 121 1408 249 1480; x_wconf 83' lang='lat' dir='ltr'><strong>suanus,</strong></span> <span class='ocrx_word' id='word_1_87' title='bbox 283 1413 315 1465; x_wconf 91' lang='lat' dir='ltr'><strong>ut</strong></span> <span class='ocrx_word' id='word_1_88' title='bbox 342 1404 455 1464; x_wconf 89' lang='lat' dir='ltr'><strong>eodem</strong></span> <span class='ocrx_word' id='word_1_89' title='bbox 477 1413 639 1486; x_wconf 86' lang='lat' dir='ltr'><strong>tempore,</strong></span> <span class='ocrx_word' id='word_1_90' title='bbox 670 1404 705 1463; x_wconf 94' lang='lat' dir='ltr'><strong>in</strong></span> <span class='ocrx_word' id='word_1_91' title='bbox 728 1402 837 1465; x_wconf 92' lang='lat' dir='ltr'><strong>eadem</strong></span> <span class='ocrx_word' id='word_1_92' title='bbox 857 1403 1007 1474; x_wconf 90' lang='lat' dir='ltr'><strong>civitate,</strong></span> <span class='ocrx_word' id='word_1_93' title='bbox 1041 1402 1142 1466; x_wconf 88' lang='lat' dir='ltr'><strong>nostri·</strong></span> 
     </span>
     <span class='ocr_line' id='line_1_14' title="bbox 123 1488 1137 1573; baseline -0.002 -22"><span class='ocrx_word' id='word_1_94' title='bbox 123 1491 259 1551; x_wconf 89' lang='lat' dir='ltr'><strong>omnino</strong></span> <span class='ocrx_word' id='word_1_95' title='bbox 272 1489 376 1550; x_wconf 83' lang='lat' dir='ltr'><strong>adsint</strong></span> <span class='ocrx_word' id='word_1_96' title='bbox 394 1488 512 1568; x_wconf 86' lang='lat' dir='ltr'><strong>legati:</strong></span> <span class='ocrx_word' id='word_1_97' title='bbox 529 1508 586 1571; x_wconf 87' lang='lat' dir='ltr'><strong>per</strong></span> <span class='ocrx_word' id='word_1_98' title='bbox 608 1508 699 1572; x_wconf 69' lang='lat' dir='ltr'><strong>equos,</strong></span> <span class='ocrx_word' id='word_1_99' title='bbox 720 1488 743 1549; x_wconf 89' lang='lat' dir='ltr'><strong>si</strong></span> <span class='ocrx_word' id='word_1_100' title='bbox 759 1510 818 1573; x_wconf 93' lang='lat' dir='ltr'><strong>per</strong></span> <span class='ocrx_word' id='word_1_101' title='bbox 836 1499 971 1550; x_wconf 88' lang='lat' dir='ltr'><strong>aetatem</strong></span> <span class='ocrx_word' id='word_1_102' title='bbox 991 1489 1137 1565; x_wconf 81' lang='lat' dir='ltr'><strong>nostram,</strong></span> 
     </span>
     <span class='ocr_line' id='line_1_15' title="bbox 123 1573 1137 1660; baseline -0.002 -24"><span class='ocrx_word' id='word_1_103' title='bbox 123 1573 404 1660; x_wconf 74' lang='lat' dir='ltr'><strong>valetudinemque</strong></span> <span class='ocrx_word' id='word_1_104' title='bbox 427 1585 460 1635; x_wconf 88' lang='lat' dir='ltr'><strong>et</strong></span> <span class='ocrx_word' id='word_1_105' title='bbox 481 1574 566 1636; x_wconf 89' lang='lat' dir='ltr'><strong>sedis</strong></span> <span class='ocrx_word' id='word_1_106' title='bbox 588 1573 776 1657; x_wconf 76' lang='lat' dir='ltr'><strong>aposolicae</strong></span> <span class='ocrx_word' id='word_1_107' title='bbox 796 1575 1001 1646; x_wconf 71' lang='lat' dir='ltr'><strong>necessitates,</strong></span> <span class='ocrx_word' id='word_1_108' title='bbox 1024 1578 1137 1659; x_wconf 90' lang='lat' dir='ltr'><strong>perso-</strong></span> 
     </span>
     <span class='ocr_line' id='line_1_16' title="bbox 124 1658 1138 1745; baseline -0.002 -22"><span class='ocrx_word' id='word_1_109' title='bbox 124 1661 240 1723; x_wconf 87' lang='lat' dir='ltr'><strong>naliter</strong></span> <span class='ocrx_word' id='word_1_110' title='bbox 262 1658 364 1721; x_wconf 85' lang='lat' dir='ltr'><strong>adesse</strong></span> <span class='ocrx_word' id='word_1_111' title='bbox 387 1660 643 1745; x_wconf 85' lang='lat' dir='ltr'><strong>nequiverimus,</strong></span> <span class='ocrx_word' id='word_1_112' title='bbox 663 1659 794 1744; x_wconf 85' lang='lat' dir='ltr'><strong>.Spiritu</strong></span> <span class='ocrx_word' id='word_1_113' title='bbox 818 1664 925 1723; x_wconf 88' lang='lat' dir='ltr'><strong>sancto</strong></span> <span class='ocrx_word' id='word_1_114' title='bbox 948 1658 1045 1735; x_wconf 74' lang='lat' dir='ltr'><strong>duce3</strong></span> <span class='ocrx_word' id='word_1_115' title='bbox 1077 1660 1138 1744; x_wconf 86' lang='lat' dir='ltr'><strong>ipsi</strong></span> 
     </span>
     <span class='ocr_line' id='line_1_17' title="bbox 126 1745 1140 1831; baseline 0.001 -24"><span class='ocrx_word' id='word_1_116' title='bbox 126 1746 263 1808; x_wconf 90' lang='lat' dir='ltr'><strong>concilio</strong></span> <span class='ocrx_word' id='word_1_117' title='bbox 279 1745 545 1829; x_wconf 87' lang='lat' dir='ltr'><strong>praesidebimus:</strong></span> <span class='ocrx_word' id='word_1_118' title='bbox 566 1746 870 1831; x_wconf 84' lang='lat' dir='ltr'><strong>quacumqueipsius</strong></span> <span class='ocrx_word' id='word_1_119' title='bbox 885 1746 1017 1809; x_wconf 90' lang='lat' dir='ltr'><strong>concilii</strong></span> <span class='ocrx_word' id='word_1_120' title='bbox 1035 1760 1140 1808; x_wconf 86' lang='lat' dir='ltr'><strong>trans-</strong></span> 
     </span>
     <span class='ocr_line' id='line_1_18' title="bbox 127 1831 1140 1916; baseline 0.003 -25"><span class='ocrx_word' id='word_1_121' title='bbox 127 1832 248 1893; x_wconf 85' lang='lat' dir='ltr'><strong>latione</strong></span> <span class='ocrx_word' id='word_1_122' title='bbox 277 1842 310 1892; x_wconf 92' lang='lat' dir='ltr'><strong>et</strong></span> <span class='ocrx_word' id='word_1_123' title='bbox 336 1831 554 1916; x_wconf 81' lang='lat' dir='ltr'><strong>suspensione,</strong></span> <span class='ocrx_word' id='word_1_124' title='bbox 586 1833 763 1916; x_wconf 88' lang='lat' dir='ltr'><strong>ceterisque</strong></span> <span class='ocrx_word' id='word_1_125' title='bbox 795 1833 965 1893; x_wconf 84' lang='lat' dir='ltr'><strong>contrariis</strong></span> <span class='ocrx_word' id='word_1_126' title='bbox 989 1853 1054 1893; x_wconf 91' lang='lat' dir='ltr'><strong>nou</strong></span> <span class='ocrx_word' id='word_1_127' title='bbox 1078 1831 1140 1895; x_wconf 89' lang='lat' dir='ltr'><strong>ob-</strong></span> 
     </span>
     <span class='ocr_line' id='line_1_19' title="bbox 82 1916 1140 2003; baseline 0.004 -27"><span class='ocrx_word' id='word_1_128' title='bbox 82 1934 86 1949; x_wconf 77' lang='grc'><strong>’</strong></span> <span class='ocrx_word' id='word_1_129' title='bbox 131 1916 271 1978; x_wconf 80' lang='lat' dir='ltr'><strong>stantibus</strong></span> <span class='ocrx_word' id='word_1_130' title='bbox 293 1918 556 2002; x_wconf 85' lang='lat' dir='ltr'><strong>quibuscumque,</strong></span> <span class='ocrx_word' id='word_1_131' title='bbox 578 1938 613 1977; x_wconf 94' lang='lat' dir='ltr'><strong>ac</strong></span> <span class='ocrx_word' id='word_1_132' title='bbox 634 1917 819 2000; x_wconf 85' lang='lat' dir='ltr'><strong>praesertim</strong></span> <span class='ocrx_word' id='word_1_133' title='bbox 842 1918 930 1992; x_wconf 87' lang='lat' dir='ltr'><strong>illis,</strong></span> <span class='ocrx_word' id='word_1_134' title='bbox 953 1938 1032 2003; x_wconf 86' lang='lat' dir='ltr'><strong>quae</strong></span> <span class='ocrx_word' id='word_1_135' title='bbox 1053 1916 1140 1980; x_wconf 87' lang='lat' dir='ltr'><strong>idem</strong></span> 
     </span>
     <span class='ocr_line' id='line_1_20' title="bbox 133 2001 1140 2089; baseline 0.004 -28"><span class='ocrx_word' id='word_1_136' title='bbox 133 2001 343 2087; x_wconf 81' lang='lat' dir='ltr'><strong>praedecessor</strong></span> <span class='ocrx_word' id='word_1_137' title='bbox 376 2001 478 2064; x_wconf 83' lang='lat' dir='ltr'><strong>noster</strong></span> <span class='ocrx_word' id='word_1_138' title='bbox 516 2004 551 2064; x_wconf 89' lang='lat' dir='ltr'><strong>in</strong></span> <span class='ocrx_word' id='word_1_139' title='bbox 582 2002 647 2066; x_wconf 86' lang='lat' dir='ltr'><strong>sois</strong></span> <span class='ocrx_word' id='word_1_140' title='bbox 680 2002 800 2064; x_wconf 88' lang='lat' dir='ltr'><strong>litteris</strong></span> <span class='ocrx_word' id='word_1_141' title='bbox 835 2003 1025 2086; x_wconf 86' lang='lat' dir='ltr'><strong>praedictis,</strong></span> <span class='ocrx_word' id='word_1_142' title='bbox 1061 2025 1140 2089; x_wconf 90' lang='lat' dir='ltr'><strong>quas</strong></span> 
     </span>
     <span class='ocr_line' id='line_1_21' title="bbox 136 2086 1142 2166; baseline 0.004 -19"><span class='ocrx_word' id='word_1_143' title='bbox 136 2086 198 2150; x_wconf 85' lang='lat' dir='ltr'><strong>cum</strong></span> <span class='ocrx_word' id='word_1_144' title='bbox 219 2089 368 2150; x_wconf 90' lang='lat' dir='ltr'><strong>onmibos</strong></span> <span class='ocrx_word' id='word_1_145' title='bbox 389 2098 423 2149; x_wconf 85' lang='lat' dir='ltr'><strong>et</strong></span> <span class='ocrx_word' id='word_1_146' title='bbox 441 2088 573 2166; x_wconf 86' lang='lat' dir='ltr'><strong>lingulis</strong></span> <span class='ocrx_word' id='word_1_147' title='bbox 595 2088 630 2149; x_wconf 88' lang='lat' dir='ltr'><strong>in</strong></span> <span class='ocrx_word' id='word_1_148' title='bbox 656 2088 703 2148; x_wconf 88' lang='lat' dir='ltr'><strong>eis</strong></span> <span class='ocrx_word' id='word_1_149' title='bbox 725 2089 886 2150; x_wconf 88' lang='lat' dir='ltr'><strong>contentis</strong></span> <span class='ocrx_word' id='word_1_150' title='bbox 908 2089 1074 2164; x_wconf 84' lang='lat' dir='ltr'><strong>clausulis,</strong></span> <span class='ocrx_word' id='word_1_151' title='bbox 1109 2101 1142 2151; x_wconf 90' lang='lat' dir='ltr'><strong>et</strong></span> 
     </span>
     <span class='ocr_line' id='line_1_22' title="bbox 137 2171 1142 2258; baseline 0.001 -25"><span class='ocrx_word' id='word_1_152' title='bbox 137 2171 261 2235; x_wconf 79' lang='lat' dir='ltr'><strong>decretis</strong></span> <span class='ocrx_word' id='word_1_153' title='bbox 282 2174 318 2236; x_wconf 90' lang='lat' dir='ltr'><strong>iu</strong></span> <span class='ocrx_word' id='word_1_154' title='bbox 343 2177 398 2236; x_wconf 92' lang='lat' dir='ltr'><strong>suo</strong></span> <span class='ocrx_word' id='word_1_155' title='bbox 422 2175 537 2234; x_wconf 84' lang='lat' dir='ltr'><strong>robore</strong></span> <span class='ocrx_word' id='word_1_156' title='bbox 562 2193 747 2255; x_wconf 87' lang='lat' dir='ltr'><strong>permanere</strong></span> <span class='ocrx_word' id='word_1_157' title='bbox 769 2174 938 2248; x_wconf 85' lang='lat' dir='ltr'><strong>volumus,</strong></span> <span class='ocrx_word' id='word_1_158' title='bbox 965 2186 1060 2258; x_wconf 89' lang='lat' dir='ltr'><strong>atque</strong></span> <span class='ocrx_word' id='word_1_159' title='bbox 1082 2171 1142 2234; x_wconf 92' lang='lat' dir='ltr'><strong>de-</strong></span> 
     </span>
     <span class='ocr_line' id='line_1_23' title="bbox 139 2257 1143 2342; baseline -0.001 -24"><span class='ocrx_word' id='word_1_160' title='bbox 139 2259 303 2334; x_wconf 88' lang='lat' dir='ltr'><strong>cernimus,</strong></span> <span class='ocrx_word' id='word_1_161' title='bbox 339 2269 372 2320; x_wconf 89' lang='lat' dir='ltr'><strong>et</strong></span> <span class='ocrx_word' id='word_1_162' title='bbox 403 2268 559 2342; x_wconf 83' lang='lat' dir='ltr'><strong>quatenus</strong></span> <span class='ocrx_word' id='word_1_163' title='bbox 593 2277 673 2339; x_wconf 91' lang='lat' dir='ltr'><strong>opus</strong></span> <span class='ocrx_word' id='word_1_164' title='bbox 696 2257 750 2330; x_wconf 89' lang='lat' dir='ltr'><strong>lit,</strong></span> <span class='ocrx_word' id='word_1_165' title='bbox 778 2258 1002 2332; x_wconf 81' lang='lat' dir='ltr'><strong>innovamus,</strong></span> <span class='ocrx_word' id='word_1_166' title='bbox 1036 2258 1143 2318; x_wconf 82' lang='lat' dir='ltr'><strong>voluit</strong></span> 
     </span>
     <span class='ocr_line' id='line_1_24' title="bbox 139 2340 1143 2417; baseline -0.001 -14"><span class='ocrx_word' id='word_1_167' title='bbox 139 2345 342 2406; x_wconf 79' lang='lat' dir='ltr'><strong>nonobstarea</strong></span> <span class='ocrx_word' id='word_1_168' title='bbox 365 2344 493 2403; x_wconf 86' lang='lat' dir='ltr'><strong>irritum</strong></span> <span class='ocrx_word' id='word_1_169' title='bbox 506 2340 722 2402; x_wconf 88' lang='lat' dir='ltr'><strong>nihilominus</strong></span> <span class='ocrx_word' id='word_1_170' title='bbox 743 2341 958 2415; x_wconf 78' lang='lat' dir='ltr'><strong>decernentes,</strong></span> <span class='ocrx_word' id='word_1_171' title='bbox 983 2352 1016 2402; x_wconf 89' lang='lat' dir='ltr'><strong>et</strong></span> <span class='ocrx_word' id='word_1_172' title='bbox 1037 2342 1143 2417; x_wconf 90' lang='lat' dir='ltr'><strong>inane,</strong></span> 
     </span>
     <span class='ocr_line' id='line_1_25' title="bbox 141 2426 1143 2512; baseline 0.001 -24"><span class='ocrx_word' id='word_1_173' title='bbox 141 2426 258 2491; x_wconf 87' lang='lat' dir='ltr'><strong>lilecus</strong></span> <span class='ocrx_word' id='word_1_174' title='bbox 279 2435 374 2512; x_wconf 91' lang='lat' dir='ltr'><strong>super</strong></span> <span class='ocrx_word' id='word_1_175' title='bbox 396 2427 449 2488; x_wconf 89' lang='lat' dir='ltr'><strong>his</strong></span> <span class='ocrx_word' id='word_1_176' title='bbox 463 2447 481 2488; x_wconf 89' lang='lat' dir='ltr'><strong>a</strong></span> <span class='ocrx_word' id='word_1_177' title='bbox 494 2444 663 2511; x_wconf 91' lang='lat' dir='ltr'><strong>quoquam,</strong></span> <span class='ocrx_word' id='word_1_178' title='bbox 676 2428 799 2512; x_wconf 84' lang='lat' dir='ltr'><strong>&#39;quavis</strong></span> <span class='ocrx_word' id='word_1_179' title='bbox 820 2428 1017 2502; x_wconf 86' lang='lat' dir='ltr'><strong>auctoritate,</strong></span> <span class='ocrx_word' id='word_1_180' title='bbox 1042 2428 1143 2491; x_wconf 88' lang='lat' dir='ltr'><strong>scien·</strong></span> 
     </span>
     <span class='ocr_line' id='line_1_26' title="bbox 141 2511 1141 2593; baseline -0.002 -18"><span class='ocrx_word' id='word_1_181' title='bbox 141 2521 197 2591; x_wconf 85' lang='lat' dir='ltr'><strong>tet,</strong></span> <span class='ocrx_word' id='word_1_182' title='bbox 222 2516 275 2578; x_wconf 80' lang='lat' dir='ltr'><strong>vel</strong></span> <span class='ocrx_word' id='word_1_183' title='bbox 299 2515 507 2593; x_wconf 85' lang='lat' dir='ltr'><strong>ignoranter,</strong></span> <span class='ocrx_word' id='word_1_184' title='bbox 537 2511 708 2590; x_wconf 86' lang='lat' dir='ltr'><strong>contigerit</strong></span> <span class='ocrx_word' id='word_1_185' title='bbox 730 2512 891 2575; x_wconf 87' lang='lat' dir='ltr'><strong>attentari.</strong></span> <span class='ocrx_word' id='word_1_186' title='bbox 949 2512 1041 2577; x_wconf 90' lang='lat' dir='ltr'><strong>Nulli</strong></span> <span class='ocrx_word' id='word_1_187' title='bbox 1064 2534 1141 2592; x_wconf 85' lang='lat' dir='ltr'><strong>ergo</strong></span> 
     </span>
     <span class='ocr_line' id='line_1_27' title="bbox 144 2598 1141 2682; baseline 0.001 -24"><span class='ocrx_word' id='word_1_188' title='bbox 144 2598 261 2663; x_wconf 85' lang='lat' dir='ltr'><strong>omuino</strong></span> <span class='ocrx_word' id='word_1_189' title='bbox 296 2599 466 2661; x_wconf 89' lang='lat' dir='ltr'><strong>hominum</strong></span> <span class='ocrx_word' id='word_1_190' title='bbox 497 2598 708 2659; x_wconf 79' lang='lat' dir='ltr'><strong>liceathenc</strong></span> <span class='ocrx_word' id='word_1_191' title='bbox 743 2599 912 2682; x_wconf 82' lang='lat' dir='ltr'><strong>paginam,</strong></span> <span class='ocrx_word' id='word_1_192' title='bbox 954 2600 1141 2673; x_wconf 86' lang='lat' dir='ltr'><strong>nostrorum,</strong></span> 
     </span>
     <span class='ocr_line' id='line_1_28' title="bbox 144 2682 1143 2770; baseline 0.001 -28"><span class='ocrx_word' id='word_1_193' title='bbox 144 2682 343 2758; x_wconf 84' lang='lat' dir='ltr'><strong>hortationis,</strong></span> <span class='ocrx_word' id='word_1_194' title='bbox 370 2683 609 2770; x_wconf 85' lang='lat' dir='ltr'><strong>requisitionis,</strong></span> <span class='ocrx_word' id='word_1_195' title='bbox 632 2684 844 2760; x_wconf 88' lang='lat' dir='ltr'><strong>monitionis,</strong></span> <span class='ocrx_word' id='word_1_196' title='bbox 865 2683 978 2759; x_wconf 86' lang='lat' dir='ltr'><strong>statuti,</strong></span> <span class='ocrx_word' id='word_1_197' title='bbox 1001 2682 1143 2745; x_wconf 86' lang='lat' dir='ltr'><strong>declara-</strong></span> 
     </span>
     <span class='ocr_line' id='line_1_29' title="bbox 144 2769 1143 2847; baseline 0.002 -19"><span class='ocrx_word' id='word_1_198' title='bbox 144 2769 246 2847; x_wconf 88' lang='lat' dir='ltr'><strong>tionis,</strong></span> <span class='ocrx_word' id='word_1_199' title='bbox 278 2770 518 2844; x_wconf 81' lang='lat' dir='ltr'><strong>innovationis,</strong></span> <span class='ocrx_word' id='word_1_200' title='bbox 561 2769 757 2845; x_wconf 77' lang='lat' dir='ltr'><strong>voluntatis,</strong></span> <span class='ocrx_word' id='word_1_201' title='bbox 791 2782 822 2830; x_wconf 91' lang='lat' dir='ltr'><strong>et</strong></span> <span class='ocrx_word' id='word_1_202' title='bbox 852 2769 1051 2831; x_wconf 86' lang='lat' dir='ltr'><strong>decretorum</strong></span> <span class='ocrx_word' id='word_1_203' title='bbox 1087 2769 1143 2830; x_wconf 90' lang='lat' dir='ltr'><strong>in-</strong></span> 
     </span>
     <span class='ocr_line' id='line_1_30' title="bbox 145 2848 1143 2940; baseline 0.002 -28"><span class='ocrx_word' id='word_1_204' title='bbox 145 2848 283 2936; x_wconf 81' lang='lat' dir='ltr'><strong>fringere,</strong></span> <span class='ocrx_word' id='word_1_205' title='bbox 303 2859 354 2918; x_wconf 93' lang='lat' dir='ltr'><strong>vel</strong></span> <span class='ocrx_word' id='word_1_206' title='bbox 378 2858 408 2917; x_wconf 91' lang='lat' dir='ltr'><strong>ei</strong></span> <span class='ocrx_word' id='word_1_207' title='bbox 430 2857 504 2916; x_wconf 87' lang='lat' dir='ltr'><strong>ausu</strong></span> <span class='ocrx_word' id='word_1_208' title='bbox 528 2855 696 2914; x_wconf 89' lang='lat' dir='ltr'><strong>temerario</strong></span> <span class='ocrx_word' id='word_1_209' title='bbox 721 2854 891 2918; x_wconf 86' lang='lat' dir='ltr'><strong>contraire.</strong></span> <span class='ocrx_word' id='word_1_210' title='bbox 932 2854 968 2915; x_wconf 89' lang='lat' dir='ltr'><strong>Si</strong></span> <span class='ocrx_word' id='word_1_211' title='bbox 991 2856 1062 2940; x_wconf 90' lang='lat' dir='ltr'><strong>quis</strong></span> <span class='ocrx_word' id='word_1_212' title='bbox 1085 2875 1143 2914; x_wconf 89' lang='lat' dir='ltr'><strong>au-</strong></span> 
     </span>
     <span class='ocr_line' id='line_1_31' title="bbox 148 2938 1144 3023; baseline 0 -25"><span class='ocrx_word' id='word_1_213' title='bbox 148 2949 198 3000; x_wconf 88' lang='lat' dir='ltr'><strong>tem</strong></span> <span class='ocrx_word' id='word_1_214' title='bbox 220 2943 277 3002; x_wconf 88' lang='lat' dir='ltr'><strong>hoc</strong></span> <span class='ocrx_word' id='word_1_215' title='bbox 291 2954 447 3004; x_wconf 89' lang='lat' dir='ltr'><strong>attentare</strong></span> <span class='ocrx_word' id='word_1_216' title='bbox 469 2939 729 3023; x_wconf 86' lang='lat' dir='ltr'><strong>praesumpserit,</strong></span> <span class='ocrx_word' id='word_1_217' title='bbox 752 2938 1008 3019; x_wconf 85' lang='lat' dir='ltr'><strong>indignationem</strong></span> <span class='ocrx_word' id='word_1_218' title='bbox 1032 2940 1144 2999; x_wconf 94' lang='lat' dir='ltr'><strong>omni-</strong></span> 
     </span>
     <span class='ocr_line' id='line_1_32' title="bbox 145 3023 1144 3108; baseline 0 -23"><span class='ocrx_word' id='word_1_219' title='bbox 145 3028 270 3106; x_wconf 88' lang='lat' dir='ltr'><strong>potentis</strong></span> <span class='ocrx_word' id='word_1_220' title='bbox 292 3027 374 3104; x_wconf 91' lang='lat' dir='ltr'><strong>Dei,</strong></span> <span class='ocrx_word' id='word_1_221' title='bbox 397 3048 431 3088; x_wconf 89' lang='lat' dir='ltr'><strong>ao</strong></span> <span class='ocrx_word' id='word_1_222' title='bbox 457 3029 638 3100; x_wconf 88' lang='lat' dir='ltr'><strong>beatorum,</strong></span> <span class='ocrx_word' id='word_1_223' title='bbox 659 3023 763 3101; x_wconf 84' lang='lat' dir='ltr'><strong>Petri,</strong></span> <span class='ocrx_word' id='word_1_224' title='bbox 798 3037 830 3086; x_wconf 88' lang='lat' dir='ltr'><strong>et</strong></span> <span class='ocrx_word' id='word_1_225' title='bbox 858 3023 960 3101; x_wconf 90' lang='lat' dir='ltr'><strong>Pauli,</strong></span> <span class='ocrx_word' id='word_1_226' title='bbox 981 3024 1144 3108; x_wconf 85' lang='lat' dir='ltr'><strong>apostolo-</strong></span> 
     </span>
     <span class='ocr_line' id='line_1_33' title="bbox 146 3106 1142 3194; baseline 0.003 -27"><span class='ocrx_word' id='word_1_227' title='bbox 146 3114 299 3194; x_wconf 74' lang='lat' dir='ltr'><strong>remeius,</strong></span> <span class='ocrx_word' id='word_1_228' title='bbox 321 3117 352 3176; x_wconf 91' lang='lat' dir='ltr'><strong>se</strong></span> <span class='ocrx_word' id='word_1_229' title='bbox 376 3111 505 3175; x_wconf 86' lang='lat' dir='ltr'><strong>noverit</strong></span> <span class='ocrx_word' id='word_1_230' title='bbox 519 3110 729 3171; x_wconf 87' lang='lat' dir='ltr'><strong>incursurum.</strong></span> <span class='ocrx_word' id='word_1_231' title='bbox 772 3106 888 3171; x_wconf 86' lang='lat' dir='ltr'><strong>Datum</strong></span> <span class='ocrx_word' id='word_1_232' title='bbox 903 3107 1036 3184; x_wconf 88' lang='lat' dir='ltr'><strong>Romae,-</strong></span> <span class='ocrx_word' id='word_1_233' title='bbox 1058 3108 1142 3194; x_wconf 88' lang='lat' dir='ltr'><strong>apud</strong></span> 
     </span>
     <span class='ocr_line' id='line_1_34' title="bbox 146 3193 1143 3274; baseline 0.001 -19"><span class='ocrx_word' id='word_1_234' title='bbox 146 3196 267 3261; x_wconf 83' lang='lat' dir='ltr'><strong>sanctum</strong></span> <span class='ocrx_word' id='word_1_235' title='bbox 289 3199 436 3274; x_wconf 84' lang='lat' dir='ltr'><strong>Petrum,</strong></span> <span class='ocrx_word' id='word_1_236' title='bbox 464 3212 556 3257; x_wconf 82' lang='lat' dir='ltr'><strong>anno·</strong></span> <span class='ocrx_word' id='word_1_237' title='bbox 571 3195 802 3258; x_wconf 86' lang='lat' dir='ltr'><strong>incarnationis</strong></span> <span class='ocrx_word' id='word_1_238' title='bbox 825 3193 1014 3260; x_wconf 84' lang='lat' dir='ltr'><strong>Dominicae</strong></span> <span class='ocrx_word' id='word_1_239' title='bbox 1033 3193 1078 3257; x_wconf 88' lang='lat' dir='ltr'><strong>lll.</strong></span> <span class='ocrx_word' id='word_1_240' title='bbox 1101 3194 1143 3256; x_wconf 89' lang='lat' dir='ltr'><strong>D.</strong></span> 
     </span>
     <span class='ocr_line' id='line_1_35' title="bbox 146 3275 1143 3366; baseline 0.004 -27"><span class='ocrx_word' id='word_1_241' title='bbox 146 3275 179 3339; x_wconf 72' lang='lat' dir='ltr'><strong>l..</strong></span> <span class='ocrx_word' id='word_1_242' title='bbox 194 3280 310 3347; x_wconf 88' lang='lat' dir='ltr'><strong>decimo</strong></span> <span class='ocrx_word' id='word_1_243' title='bbox 334 3297 449 3348; x_wconf 88' lang='lat' dir='ltr'><strong>octavo</strong></span> <span class='ocrx_word' id='word_1_244' title='bbox 470 3281 540 3346; x_wconf 80' lang='lat' dir='ltr'><strong>kat.</strong></span> <span class='ocrx_word' id='word_1_245' title='bbox 561 3279 690 3345; x_wconf 88' lang='lat' dir='ltr'><strong>Decem.</strong></span> <span class='ocrx_word' id='word_1_246' title='bbox 715 3281 920 3366; x_wconf 86' lang='lat' dir='ltr'><strong>pontificatus</strong></span> <span class='ocrx_word' id='word_1_247' title='bbox 942 3280 1039 3343; x_wconf 86' lang='lat' dir='ltr'><strong>uollri</strong></span> <span class='ocrx_word' id='word_1_248' title='bbox 1057 3302 1143 3345; x_wconf 89' lang='lat' dir='ltr'><strong>auno</strong></span> 
     </span>
     <span class='ocr_line' id='line_1_36' title="bbox 147 3362 970 3452; baseline 0.002 -27"><span class='ocrx_word' id='word_1_249' title='bbox 147 3365 250 3448; x_wconf 85' lang='lat' dir='ltr'><strong>primo.</strong></span> <span class='ocrx_word' id='word_1_250' title='bbox 327 3370 329 3375; x_wconf 86' lang='grc'><strong>’</strong></span> <span class='ocrx_word' id='word_1_251' title='bbox 565 3364 617 3428; x_wconf 85' lang='grc' dir='ltr'><strong>Μ.</strong></span> <span class='ocrx_word' id='word_1_252' title='bbox 635 3369 733 3430; x_wconf 78' lang='lat' dir='ltr'><strong>cord.</strong></span> <span class='ocrx_word' id='word_1_253' title='bbox 757 3362 914 3452; x_wconf 77' lang='lat' dir='ltr'><strong>Crescere.</strong></span> <span class='ocrx_word' id='word_1_254' title='bbox 967 3380 970 3385; x_wconf 89' lang='grc'><strong><em>·</em></strong></span> 
     </span>
     <span class='ocr_line' id='line_1_37' title="bbox 545 3447 1101 3535; baseline 0 -21"><span class='ocrx_word' id='word_1_255' title='bbox 545 3488 549 3497; x_wconf 84' lang='lat'><strong>·</strong></span> <span class='ocrx_word' id='word_1_256' title='bbox 616 3498 619 3505; x_wconf 82' lang='lat'><strong>.</strong></span> <span class='ocrx_word' id='word_1_257' title='bbox 768 3450 871 3519; x_wconf 85' lang='lat' dir='ltr'><strong>Rom.</strong></span> <span class='ocrx_word' id='word_1_258' title='bbox 896 3447 1101 3535; x_wconf 83' lang='lat' dir='ltr'><strong>Amosoeua.</strong></span> 
     </span>
    </p>
   </div>
   <div class='ocr_carea' id='block_1_3' title="bbox 82 3620 770 3757">
    <p class='ocr_par' dir='ltr' id='par_1_3' title="bbox 82 3620 770 3757">
     <span class='ocr_line' id='line_1_38' title="bbox 82 3620 770 3757; baseline -0.003 -38"><span class='ocrx_word' id='word_1_259' title='bbox 82 3620 86 3643; x_wconf 57' lang='grc' dir='ltr'>Ι</span> <span class='ocrx_word' id='word_1_260' title='bbox 177 3667 201 3734; x_wconf 75' lang='lat'><strong>2)</strong></span> <span class='ocrx_word' id='word_1_261' title='bbox 215 3680 240 3724; x_wconf 83' lang='lat' dir='ltr'><strong>et</strong></span> <span class='ocrx_word' id='word_1_262' title='bbox 256 3666 321 3723; x_wconf 79' lang='lat' dir='ltr'><strong>add.</strong></span> <span class='ocrx_word' id='word_1_263' title='bbox 340 3664 438 3733; x_wconf 68' lang='lat' dir='ltr'><strong>Hand,</strong></span> <span class='ocrx_word' id='word_1_264' title='bbox 456 3667 531 3757; x_wconf 64' lang='lat' dir='ltr'><strong>Rom=</strong></span> <span class='ocrx_word' id='word_1_265' title='bbox 550 3665 601 3732; x_wconf 73' lang='lat' dir='ltr'><strong>M,</strong></span> <span class='ocrx_word' id='word_1_266' title='bbox 624 3663 679 3722; x_wconf 61' lang='lat' dir='ltr'><strong>Vs„</strong></span> <span class='ocrx_word' id='word_1_267' title='bbox 698 3660 770 3734; x_wconf 78' lang='lat' dir='ltr'><strong>Cdif.</strong></span> 
     </span>
    </p>
   </div>
   <div class='ocr_carea' id='block_1_4' title="bbox 0 0 1282 4522">
    <p class='ocr_par' dir='ltr' id='par_1_4' title="bbox 0 0 1282 4522">
     <span class='ocr_line' id='line_1_39' title="bbox 0 0 1282 4522; baseline 0 0"><span class='ocrx_word' id='word_1_268' title='bbox 0 0 1282 4522; x_wconf 95' lang='lat' dir='ltr'><strong> </strong></span> 
     </span>
    </p>
   </div>
  </div>
 </body>
</html>
