2528 4522
350 255 548 328 Decretum
573 255 618 326 de
636 252 906 328 reformatione.
1083 270 1133 351 79

92 446 95 451 “
120 451 355 530 contemptum,
376 442 460 526 quali
480 441 693 526 episcopalem
714 440 895 507 cathedram
916 441 950 506 in
966 444 1039 507 luco
1056 445 1134 508 nul-

119 530 187 592 lius
208 528 360 595 diceceiis
382 532 435 590 t'ua
457 525 635 590 temeritate
655 524 779 608 eligunt
798 524 841 606 ⁵),
869 539 900 590 et
922 551 1135 616 quoscumque

121 613 161 676 ed
192 617 226 678 ie
255 614 441 687 venientes,
472 612 569 675 etiam
601 612 626 673 fi
653 616 781 676 suorum
809 614 1048 699 episcoporum,
1079 621 1134 678 seu

119 701 341 784 praelatorum
362 699 485 760 litteras
508 697 783 760 commendatitias
805 721 871 762 non
893 700 1045 776 habeant,
1066 702 1135 763 cle·

120 784 214 847 ricali
236 784 414 848 charactere
435 783 601 864 iuiignira,
636 795 669 845 et
697 783 735 847 ud
758 788 862 846 sacros
882 787 979 848 etiam
997 788 1135 871 presby-

121 880 245 935 teratus
266 870 398 933 ordines
422 888 615 953 promovere
642 872 863 955 praesumunt:
894 892 956 956 quo
986 873 1133 957 plerum-

121 964 184 1041 que
206 957 265 1030 iit,
291 965 324 1017 ut
344 957 450 1018 minus
472 953 600 1031 idonei,
624 967 657 1016 et
677 953 791 1030 rudes,
818 946 853 1018 a'e
874 954 995 1036 ignari,
1024 968 1056 1019 et
1078 957 1135 1042 qui

122 1044 219 1104 aiuo
244 1041 394 1127 episcopo
419 1041 579 1127 tamquam
610 1038 786 1114 inhabiles,
817 1056 849 1104 et
870 1040 998 1120 indigni
1024 1043 1135 1126 rejecti

122 1120 256 1189 fuerunt
270 1121 317 1202 6),
352 1124 510 1201 ordinati,
530 1146 589 1189 neo
611 1124 722 1188 divina
743 1124 847 1189 officia
869 1147 1040 1211 peragere,
1076 1148 1134 1189 nec

120 1210 320 1275 eccleliaflicu
341 1214 531 1274 sacramenta
552 1220 637 1274 recte
658 1211 786 1274 valeant
805 1210 1001 1275 ministrare:
1032 1211 1133 1276 Nemo

120 1297 445 1383 episcoporum,·qui
465 1295 613 1359 titulatas
637 1308 808 1375 vocantur,
842 1298 938 1361 etiam
959 1297 983 1359 fi
1004 1296 1039 1361 iu
1061 1299 1134 1360 loro

121 1382 247 1445 nullius
270 1380 436 1455 diceceiis,
458 1382 554 1443 etiam
576 1393 827 1466 exernpto„aut
847 1383 956 1469 aliquo
980 1383 1136 1447 munaste-

121 1468 172 1530 rio
195 1452 337 1551 cujusvis
362 1465 488 1529 ordinis
510 1465 700 1542 resederint,
728 1479 782 1530 aut
815 1488 937 1531 suoram
968 1469 1135 1545 traxerint,

121 1552 239 1635 vigore
267 1550 409 1637 cujusvis
432 1551 599 1635 privilegii
629 1551 688 1613 fibi
718 1552 758 1615 de
779 1551 1004 1640 promovendo
1038 1573 1137 1639 quoe-

121 1658 259 1726 cumque
281 1639 321 1701 ud
342 1641 375 1701 ia
397 1638 564 1700 venientes
585 1657 645 1723 pro
672 1649 815 1725 tempore
835 1637 984 1715 couceffi,
1005 1638 1137 1703 alterius

120 1723 297 1800 subditum,
320 1724 415 1786 etiam
429 1732 596 1807 praetextu
617 1717 847 1787 familiaritatis
861 1726 1032 1789 continuae
1045 1746 1137 1787 com-

122 1807 339 1873 munialitatis
357 1811 446 1883 suae,
472 1810 589 1894 absque
610 1808 809 1957 iuissproprii
830 1810 966 1894 praelati
987 1809 1135 1894 express'o

123 1897 298 1970 consensu,
319 1904 373 1955 aut
392 1893 512 1956 litteris
529 1897 558 1972 ²)
582 1891 661 1957 dimi
690 1896 792 1972 eriis,
811 1896 849 1956 ad
871 1896 998 1982 aliquus
1019 1902 1136 1971 iseros,

122 1990 176 2043 uut
194 1982 339 2043 minores
360 1977 500 2056 ordines,
521 1979 577 2043 rel
598 1980 735 2064 primam
758 1979 917 2043 tonsuram
930 2001 1135 2066 promovere,

122 2068 176 2129 feu
198 2064 350 2128 ordinare
373 2063 487 2128 valeat.
531 2061 788 2141 Centrasacierrs,
811 2066 848 2129 ab
869 2066 1025 2133 exercitio
1049 2087 1135 2149 pon·

74 2138 82 2179 '
126 2150 293 2214 tificaliuu‘e
315 2170 372 2234 per
392 2170 530 2224 annum3
551 2150 657 2212 taliter
671 2172 749 2212 vero
763 2152 905 2235 promoti
916 2149 946 2229 ⁷)
958 2152 995 2212 ab
1016 2171 1136 2211 execu-

126 2236 216 2299 tione
233 2235 384 2298 ordinum
407 2234 447 2293 sm
469 2238 700 2318 susceptorum,
723 2233 824 2297 donec
843 2237 900 2299 suo
919 2235 1060 2320 praelatu
1083 2235 1136 2297 vi-

125 2320 191 2386 ium
210 2318 329 2397 fuerit,
350 2320 420 2405 ipio
443 2319 510 2402 jure
531 2319 592 2382 smr
614 2319 765 2406 iuspeuii.

548 2483 627 2577 cn.
646 2482 709 2563 111.

85 2678 94 2707 ,
130 2616 330 2709 [Episcopus
342 2613 430 2704 suos
446 2613 586 2681 clericos
605 2611 649 2679 eb
672 2615 744 2683 elio
764 2614 1037 2706 malepromotos
1047 2617 1137 2710 sus-

200 2702 354 2793 pendere
372 2698 479 2790 potest
491 2747 500 2781 ,
512 2698 546 2788 fi
567 2699 684 2768 minus
707 2702 844 2767 idoneos
866 2704 1059 2792 repererit]

186 2829 369 2919 Episcopus
391 2825 654 2919 quoecumqueb)
673 2831 747 2894 suos
768 2831 921 2910 clericos,
950 2831 1136 2917 praesertim

134 2914 164 2979 iu
179 2917 276 2982 sacris
297 2914 499 2989 constitutos,
529 2918 647 3003 absque
673 2918 729 2979 suo
752 2917 954 3001 praecedenti
977 2918 1136 2992 exarnine,

134 3012 162 3062 et
179 3000 449 3066 commendatitiis
472 3001 611 3077 litteris,
634 3021 828 3088 quacumque
850 3002 1033 3064 auctoritate
1056 3024 1135 3103 prc-

135 3100 250 3166 motos,
284 3086 360 3149 licet
390 3096 546 3172 tamquam
572 3086 697 3149 habiles
718 3087 756 3148 ab
780 3108 836 3165 eo,
867 3107 969 3174 aquo
994 3085 1136 3150 ordmeri

135 3174 207 3253 iant,
227 3172 392 3261 probatos,
415 3190 494 3258 quos
515 3181 620 3236 tamen
641 3172 677 3233 ur]
694 3172 806 3234 diviua
822 3170 925 3245 officia
938 3172 1135 3252 celebranda,

136 3258 177 3321 iau
198 3256 397 3324 ecclefiadica
420 3264 610 3319 recrementa
639 3255 839 3321 ministranda
860 3257 968 3321 minue
989 3256 1135 3337 idoneos,

161 3488 189 3558 d)
207 3489 313 3559 eligant
331 3485 405 3541 eced.
423 3513 460 3529 -
494 3488 526 3554 6)
545 3482 650 3538 fuerint
673 3481 747 3538 saed.
765 3510 801 3524 -
841 3444 1039 3553 7)¹promotuc
1062 3486 1138 3545 Vera,

162 3558 244 3628 aria,
265 3556 352 3617 Vtra..
368 3557 470 3623 Rham,
487 3556 553 3614 Dii..
571 3554 670 3613 Hurd„
687 3552 761 3627 Ciris.

162 3668 186 3737 a)
203 3666 271 3723 5011.
289 3670 340 3722 Vl.
359 3667 393 3721 de
411 3663 526 3720 reform.
550 3678 574 3719 c.
593 3668 620 3722 5.
636 3660 696 3715 seis.
714 3662 822 3717 xxttr.
841 3660 875 3715 de
894 3660 1009 3718 reform.
1025 3679 1050 3716 o.
1065 3670 1090 3725 3.
1108 3668 1135 3723 8.

163 3747 202 3800 10.
220 3739 305 3793 Cone.
324 3739 386 3792 Nic.
403 3736 425 3790 1.
444 3751 502 3790 ean.
528 3739 562 3796 15
580 3732 620 3803 iq.
639 3732 738 3801 (Manfi
754 3735 788 3788 T.
806 3732 842 3788 Ii.
867 3750 893 3801 p.
919 3738 974 3796 674
991 3732 1041 3801 sq.)
1060 3734 1137 3786 con.

164 3813 207 3867 cil.
225 3810 367 3865 Aurelian.
387 3809 436 3862 ΙΙΙ.
453 3825 477 3861 a.
488 3811 548 3868 538.
568 3820 627 3860 eurr.
646 3810 689 3865 15.
707 3801 805 3871 (Mami
823 3804 857 3860 T.
871 3805 922 3860 tx.
940 3822 967 3874 p.
980 3805 1035 3870 16.)
1054 3803 1136 3856 Cone.

164 3879 287 3950 tingunt.
306 3898 331 3935 a.
350 3883 412 3942 888.
431 3883 514 3940 &14-
534 3874 631 3944 (Manli
650 3875 684 3927 Τ.
702 3875 808 3930 xvut.
825 3891 853 3942 p.
870 3878 934 3943 68).
952 3902 985 3915 ···
1025 3872 1054 3940 b)
1070 3874 1137 3944 Huj.

166 3948 219 4007 nu.
236 3952 271 4008 de
288 3951 401 4007 reform.
422 3964 448 4003 e.
465 3956 493 4010 2.
509 3946 569 4002 seli.
587 3947 693 4002 xxm.
711 3946 745 3999 de
763 3944 877 4000 reiorm.
895 3950 963 4008 αθ
