2528 4522
411 126 428 157 x

292 256 493 328 Decretum
519 250 565 329 ‹l'e
590 257 857 328 reformatione.
958 334 962 347 ,
1034 278 1085 349 33

64 449 161 502 extra
183 438 407 503 monesterium
426 438 563 521 degens,
597 441 695 503 etiam
728 440 777 503 tui
795 440 920 504 ordinis
943 444 1084 530 privila-

64 524 116 605 gii
129 530 163 602 ¹¹)
185 537 370 610 praetextu,
402 538 489 590 tutus
517 530 698 604 censeatur,
726 548 789 612 quo
810 527 933 605 minus,
954 531 978 591 ti
998 531 1084 595 tali-

38 626 43 631 ·
64 612 192 697 querit,
227 613 264 672 ab
288 611 450 674 ordinario
472 615 558 688 loci,
589 624 751 699 tamquam
773 614 868 698 super
888 612 951 697 hoc
972 636 991 677 a
1009 621 1084 683 sede

62 694 236 781 apostolica
259 696 422 777 delegato,
453 698 623 762 fecundum
645 698 810 762 canonicas
829 699 1007 766 sanctiones
1028 702 1084 769 'vi-

61 782 173 859 arari,
194 782 327 867 puniri,
350 795 382 847 et
407 785 526 866 corrigi
548 785 666 848 valeat.

435 962 438 968 ’
496 961 575 1029 Car.
595 964 659 1029 IV.

61 1075 253 1167 [Ecclefior
293 1102 525 1172 quoscumque
565 1082 719 1175 episcopi
764 1094 800 1149 et
833 1083 902 1150 alii
933 1087 1082 1174 majorae

52 1165 235 1255 praelati,
272 1166 404 1253 quoties
441 1191 527 1255 opus
558 1168 688 1253 suerit,
720 1167 878 1255 visttanrc
914 1170 1083 1255 omnibus,

137 1272 227 1339 quoe
247 1248 329 1317 truie
352 1251 488 1316 decreto
508 1252 638 1343 obstare
655 1252 811 1345 pofferrt,
821 1251 1005 1341 sublato]

126 1375 275 1465 Capitale
288 1384 319 1456 ⁰)
341 1381 591 1458 cathedralium,
627 1391 658 1444 et
685 1381 822 1443 aliarum
844 1383 1000 1465 majorum
1027 1405 1083 1447 ac-

56 1463 241 1543 cloliarum‚
263 1467 462 1552 illorumque
479 1466 524 1547 14)
548 1470 713 1552 personae,
736 1468 837 1529 nullis
858 1472 1081 1553 exemptioni-

56 1551 134 1628 bus,
155 1550 459 1632 consuetudinibus,
493 1553 678 1631 sententiis,
709 1552 916 1636 juramentis,
946 1575 1082 1617 concor-

56 1633 145 1714 diis,
176 1656 257 1722 quae
285 1647 410 1699 tanturn
438 1642 512 1701 tuoe
535 1640 680 1718 obligant
700 1651 862 1716 auctores,
893 1658 961 1701 non
982 1639 1082 1704 etiam

55 1720 271 1797 leccatores,
291 1725 377 1787 tueri
398 1727 433 1787 le
456 1726 584 1810 pollini,
606 1745 669 1810 quo
694 1725 803 1786 minua
825 1742 843 1784 u
862 1725 928 1786 luia
952 1727 1081 1810 episco-

58 1809 132 1891 pia,
154 1819 186 1870 et
208 1809 284 1869 aliis
305 1810 477 1890 majoribus
492 1815 644 1895 praelatis
668 1831 725 1894 per
745 1814 778 1872 la
799 1808 888 1893 ipsos
909 1810 1007 1886 solos,
1025 1812 1080 1873 vel

56 1895 149 1968 illis,
174 1896 289 1978 quibua
310 1895 368 1955 tibi
391 1897 569 1974 videbitur,
601 1896 772 1978 adjunctis,
800 1895 889 1976 juxta
911 1896 1080 1959 canonicas

56 1977 260 2055 sanctiones,
287 1980 408 2057 toties}
436 1984 563 2068 quoties
585 2002 667 2066 opus
687 1975 804 2057 suerit,
830 1980 973 2056 vitiari,
1005 2002 1080 2043 cor·

56 2064 143 2145 rigi,
175 2075 209 2127 at
232 2064 415 2144 emendari,
448 2068 547 2131 etiarn
568 2064 757 2131 auctoritate
782 2065 972 2151 apostolica,
1005 2070 1080 2152 pot-

55 2148 138 2227 lim,
157 2160 193 2213 et
213 2150 356 2215 valeant.

497 2325 577 2390 Car.
603 2327 645 2390 V.
725 2380 730 2394 .

60 2448 241 2541 [Episcopi
271 2396 312 2513 in
339 2446 460 2512 alieno
488 2445 629 2536 dioecesi
650 2466 712 2512 nec
723 2443 956 2617 {ontificalio
977 2451 1079 2514 exer-

276 2542 399 2612 ceant,
421 2554 483 2597 ner
501 2531 639 2596 ordiner
661 2554 722 2597 coo
744 2534 871 2619 erant]

127 2664 219 2728 Nulli
240 2662 390 2748 episcopo
413 2660 518 2738 liceat,
539 2661 680 2744 cujusvis
703 2661 875 2746 privilegii
896 2673 1078 2749 praetextu,

67 2748 96 2833 r)
107 2752 304 2837 pontificalia
325 2750 361 2810 in
383 2749 516 2810 alterius
540 2746 675 2810 dioecafi
696 2768 855 2829 exercere,
874 2750 935 2811 nili
955 2748 995 2812 de
1021 2771 1078 2812 or-

66 2836 181 2899 dinarii
216 2837 282 2897 loci
314 2831 459 2918 expret'la
488 2833 635 2908 licentia,
672 2842 704 2893 et
734 2834 770 2894 in
797 2838 949 2918 personas
972 2836 1078 2900 eidem

68 2923 227 2985 ordinario
248 2919 396 3002 [objectae
419 2929 560 2979 tantum:
582 2914 606 2979 fi
627 2922 716 2980 secus
732 2913 851 2983 facturn
867 2914 985 2996 fuerit,
1004 2922 1079 3004 epi-

68 3009 173 3092 [copus
207 3009 244 3067 ab
274 3004 430 3067 exercitio
460 3004 715 3086 pontificalium,
749 3014 783 3065 et
811 3005 852 3065 fic
880 3005 1019 3068 ordinati
1039 3007 1077 3067 ab

70 3092 254 3157 executione
276 3089 428 3152 ordinant
449 3090 510 3150 lint
530 3090 601 3174 ipio
623 3089 691 3173 jure
713 3089 865 3175 iuspanfi.

99 3329 142 3396 14)
159 3330 329 3398 illarumque
347 3329 442 3420 Briou,
463 3325 549 3392 Virri„
567 3324 660 3376 erem.

99 3437 127 3503 rr)
146 3436 222 3493 snt.-
237 3437 318 3492 xlv.
345 3437 378 3491 de
403 3435 518 3490 reform.
541 3449 567 3488 c.
584 3438 611 3494 tt.
630 3435 656 3491 5.
674 3452 712 3471 *-
756 3429 786 3497 o)
804 3426 843 3483 ita
869 3446 895 3483 c.
912 3434 939 3490 4.
964 3440 993 3483 ot
1009 3428 1077 3487 Seli.

102 3508 195 3565 XXV.
212 3508 248 3561 de
267 3507 382 3562 reform.
401 3526 426 3564 c.
441 3513 469 3568 6·
487 3531 523 3548 -
557 3505 587 3571 p)
607 3504 692 3559 Coun.
710 3501 770 3554 Nic·
790 3518 851 3569 can·
869 3508 904 3561 15
922 3499 960 3569 lq.
979 3500 1078 3567 (Manli

100 3579 131 3636 Τ.
150 3582 184 3635 ll.
212 3596 239 3646 p.
258 3584 312 3640 673
338 3579 422 3649 [qq.),
452 3576 582 3632 Antioch.
612 3577 633 3628 l.
660 3592 686 3626 a.
708 3579 770 3632 341·
802 3589 863 3625 ean.
886 3579 931 3633 13.
957 3581 1001 3632 22.
1028 3570 1076 3639 (ib.

99 3664 125 3717 pt
142 3658 221 3712 1313·
241 3656 332 3718 1317),
348 3651 455 3704 Sdl'dlcu
473 3651 591 3707 can·15a
610 3658 638 3698 et
654 3649 698 3705 18⁴
718 3643 767 3709 (ibo
785 3645 819 3698 Τ.
839 3647 886 3700 {llo
905 3661 931 3710 p·
950 3653 993 3704 17·
1012 3647 1078 3708 296),

98 3722 186 3776 Carth.
206 3723 255 3776 lll.
274 3739 334 3776 cau.
351 3731 387 3784 20
406 3721 445 3791 tq.
475 3719 524 3788 (rb.
541 3735 569 3787 p·
582 3715 666 3782 883),
683 3715 786 3768 Arelat.
799 3717 832 3768 ll.
850 3733 874 3771 c.
893 3734 919 3770 a.
935 3721 997 3775 452.
1016 3731 1075 3767 can.

98 3800 138 3854 13.
157 3792 208 3861 (rb.
226 3795 261 3845 T.
279 3794 341 3847 Vll.
361 3811 387 3861 p.
410 3793 500 3859 882),
524 3789 619 3843 Aurei.
635 3787 684 3838 ΙΙΙ.
703 3805 728 3841 α.
745 3789 808 3845 538.
831 3803 890 3840 can.
908 3794 953 3845 15.
971 3785 1021 3851 (ib.
1040 3785 1076 3838 T.

96 3863 179 3932 txp
206 3866 278 3931 16.),
295 3866 405 3921 Deerat.
421 3852 454 3919 Pl
473 3865 509 3916 ΙΙ.
527 3858 600 3913 caui.
618 3866 644 3918 7.
662 3874 710 3925 qu.
728 3865 754 3915 1.
770 3873 830 3910 can.
847 3867 883 3919 21
902 3856 970 3926 sqq„
986 3867 1015 3909 et
1031 3859 1077 3910 in-

96 3932 137 3989 tra
154 3934 222 3990 sets.
239 3936 320 3991 XIV.
339 3936 372 3989 de
390 3936 504 3989 reform.
522 3949 547 3987 ο.
565 3939 592 3991 2.
611 3938 637 3990 3ι
655 3935 682 3991 9·

142 4024 188 4092 11.
824 4018 849 4082 C
