2528 4522
123 242 199 328 362
381 233 487 312 Butts
508 228 550 310 iu
572 248 687 309 eosne
705 236 866 311 Domini.

58 429 64 439 “
124 410 262 505 vilegii,
289 424 343 489 rel
368 423 448 486 allas
475 421 716 511 quomodolibet
735 415 889 498 iecerint,
916 416 963 500 44)
977 418 1066 485 unde
1088 419 1133 484 li·

123 513 228 574 b'ertaa
250 509 445 574 ecclesiastica
466 510 612 585 tollitur,
642 507 758 578 seu'iu·
774 506 883 592 aliquo
913 507 1056 570 laeditur
1076 508 1132 571 rel

123 594 324 680 deprimitur,
344 604 396 657 aut
410 594 489 657 alias
511 591 739 681 quovismodo
755 589 968 673 restringitur,
988 596 1044 655 seu
1067 614 1132 656 no·

122 680 191 743 liris
213 691 244 743 et
271 680 372 742 dictae
393 677 485 742 Sedis
505 701 540 742 ac
564 680 829 765 quarumcumque
858 678 1060 741 ecclesiarum
1081 679 1132 763 jd-

123 767 210 828 ribus
252 762 491 841 uomodolibat,
522 764 641 829 directe
670 765 724 829 vel
747 762 1046 843 indirecte,'tacita
1077 764 1131 829 ael

123 786 268 936 exprelie
288 849 527 937 praejudicatur.
553 872 556 879 ·
969 846 975 855 ’

164 933 296 998 ··xv1.·
309 935 452 999 Necnon
468 935 522 1020 qui
533 928 813 1016 Archiepiscopos,
826 929 1014 1018 Episcopus,
1028 932 1131 998 alios·

124 1022 387 1113 pue-superlores
408 1032 441 1083 et
460 1016 633 1083 inferiores
653 1017 833 1089 t‘raetatos,
856 1029 889 1079 et
910 1032 1023 1080 omnes
1045 1020 1130 1083 alios

123 1122 339 1192 quoscumque
359 1105 478 1188 judices
500 1103 715 1167 ecclesiasticos
735 1100 927 1180 ordinarios,
947 1104 1132 1189 quomodo-

122 1189 204 1252 libet
225 1190 284 1253 hac
302 1191 345 1253 'de
368 1187 414 1275 ⁴⁵)
436 1194 524 1254 caula
536 1189 666 1252 directe
685 1187 748 1252 rel·
765 1185 919 1250 indirecte
940 1190 1131 1254 carcerando

122 1275 179 1337 ael
200 1275 392 1339 mosellando
415 1297 526 1339 eorum
546 1285 695 1356 agentes,
723 1283 962 1358 procuratores,
986 1269 1132 1339 seruilia-

124 1378 195 1437 res,
226 1381 353 1425 necnon
379 1361 687 1441 consanguineos·et
706 1356 827 1435 affines,
848 1368 901 1419 aut
922 1359 1007 1421 alias·
1023 1361 1132 1447 irnpe-

123 1443 238 1529 tliunt,
274 1447 445 1533 quominus
471 1450 525 1509 sua
554 1444 774 1527 jurisdictione
793 1445 987 1519 ecclesiastica
1021 1457 1133 1512 contra

123 1548 340 1617 quoecumque
360 1536 507 1608 utantur,
539 1528 813 1615 secundusn'quod
837 1526 981 1592 Canones
1004 1535 1133 1595 autta-

123 1633 194 1676 crae
217 1613 462 1679 constitutiones
485 1614 698 1678 ecclesiasticae
720 1626 752 1676 et
768 1613 897 1675 Decreta
909 1612 1131 1680 Consiliorum

121 1700 318 1778 generalium
339 1710 371 1760 et
392 1698 575 1786 praesertim
595 1698 780 1762 Tridentini
802 1698 954 1774 llatuuntg
975 1720 1012 1761 ac
1035 1703 1131 1767 etiam

122 1780 200 1858 eos,
231 1784 286 1868 qui
315 1783 381 1868 poll
402 1785 545 1867 ipsorum
574 1782 809 1846 ordinariorum
831 1782 1002 1848 vel'etiarn
1026 1789 1132 1851 abeis

122 1862 351 1949 Dele'gatorur'n
366 1888 643 1955 ¹quorumcumque
666 1868 839 1932 sententias
862 1880 894 1931 et
915 1869 1058 1945 decreta,
1080 1884 1132 1937 aut

122 1952 203 2039 allas
227 1949 294 2023 sori
313 1952 505 2027 ecclesiastici
523 1952 675 2036 judicium
696 1953 877 2030 eludentes,
902 1953 940 2017 ad
965 1953 1132 2023 Cancella-

121 2036 259 2113 risset·
276 2038 356 2100 alias
380 2036 498 2102 Ourios·
519 2039 693 2101 saeculares
714 2049 898 2116 recurrunt,
929 2050 962 2105 et
991 2046 1033 2105 ab
1063 2045 1132 2109 illia
1160 2117 1166 2125 „

121 2122 362 2206 prohibitiones
400 2135 432 2186 at
459 2122 605 2187 mandata
640 2123 737 2186 etiam
765 2125 932 2207 poenalia,
959 2127 1130 2192 ordinariis

122 2217 156 2269 et
176 2207 332 2289 delegatis
356 2207 529 2295 praedietis
549 2207 675 2272 decerni
703 2216 736 2271 et
764 2222 871 2272 contra
900 2209 978 2274 illos
999 2215 1131 2302 exsequi

122 2304 310 2377 procurant,
344 2315 401 2357 eos
425 2314 568 2382 quoque,
589 2293 655 2380 qni
685 2290 958 2358 haec'·decernunt
985 2308 1019 2363 et
1039 2306 1130 2364 exse·-

120 2389 272 2525 puuntur,
292 2383 346 2442 seu
368 2379 443 2440 dant
464 2380 639 2457 auxilium,
660 2379 842 2453 confilium,
863 2382 1079 2467 patrocinium
1101 2397 1132 2451 et

136 2480 267 2524 avorern
290 2464 325 2525 in
347 2463 480 2526 eisdem.
511 2474 514 2479 '
670 2519 674 2528 .
908 2457 924 2524 l
1032 2470 1035 2477 ’

184 2545 302 2608 XVII.
324 2545 435 2629 Quive
465 2545 701 2629 jurisdictiones
733 2551 785 2612 seu
814 2547 954 2630 fructus,
988 2554 1131 2619 redditus

121 2638 154 2692 at
174 2640 350 2714 proventus
372 2629 411 2690 ad
432 2629 499 2692 Nos
522 2640 552 2693 et
572 2632 687 2695 Sede'm
713 2629 948 2717 Apostolicarn,
980 2652 1014 2700 et
1037 2661 1131 2728 quas·

121 2735 254 2800 curaque
275 2713 486 2787 ecclesiasticas
501 2720 662 2801 personas,
685 2718 809 2783 ratione
827 2723 1037 2802 ecclesiarum,
1057 2749 1131 2789 mo-

119 2797 325 2863 nasteriorum
357 2811 390 2864 et
425 2801 562 2864 aliorum
595 2794 821 2866 beneficiorum
857 2808 1131 2874 ecclefiatttcorum

120 2884 339 2971 pertinentes,
361 2887 527 2971 usurpant,
551 2887 611 2948 ael
635 2888 733 2950 etiarn
754 2890 866 2974 quavis
891 2894 1053 2959 occasione
1077 2899 1131 2960 vel

119 2973 226 3046 causa,
256 2973 321 3034 fine
343 2969 482 3033 Romani
504 2969 671 3034 Pontificis
697 2974 749 3035 vel
770 2975 907 3039 aliorum
929 2977 1023 3042 adid
1047 2982 1132 3061 legi-

119 3056 234 3202 limam
262 3054 444 3121 facultatem
474 3056 659 3120 habentium
690 3059 835 3145 expressa
862 3064 1131 3155 licentia'seque-

146 3151 226 3203 rant.
487 3168 490 3173 ·
539 3150 541 3155 ’
1021 3166 1024 3175 ·

126 3254 141 3263 ·’
182 3220 313 3290 XVIII.
336 3218 447 3308 Quive
468 3225 638 3305 collectas,
661 3225 814 3308 decimas,
835 3230 1014 3313 tatteastfi),
1032 3257 1131 3323 prae-

120 3306 302 3387 tantitas)
322 3321 357 3371 at
384 3310 446 3370 alia
480 3331 577 3374 onera
605 3312 731 3377 clericis
760 3311 911 3401 praefatis
923 3315 970 3401 4⁸)
995 3332 1028 3384 et
1056 3321 1131 3383 aliis

119 3394 268 3477 personis
290 3393 497 3457 ecclesiasticis
519 3416 675 3463 aceorum
694 3410 727 3463 et
748 3401 953 3480 ecclesiarum,
974 3407 1131 3470 rnonalie-

119 3481 243 3540 riorum
262 3480 448 3544 etesiarum
477 3482 704 3551 beneficiorum
725 3487 997 3554 ecclesiasticorum
1022 3494 1128 3571 bonis,

154 3746 405 3829 44)⁸ordluareriut
429 3776 458 3817 et
481 3763 696 3833 publicaverint,
722 3770 765 3821 rel
784 3768 864 3822 sactis
889 3781 917 3824 et
935 3770 1069 3827 ordinans
1090 3774 1128 3828 uli

153 3835 268 3899 luserint,
283 3833 346 3888 add.
364 3862 399 3875 ··-
433 3836 484 3902 45)
502 3853 546 3892 ex.
564 3865 599 3876 ·-
634 3838 680 3898 ast
698 3840 868 3895 tabellas-
903 3843 951 3908 47)
968 3843 1127 3912 praestatio-

89 3988 94 3996 .
154 3923 264 3960 neas-
300 3910 346 3971 48)
364 3906 503 3960 Praelatio.
