<?xml version="1.0" encoding="UTF-8"?>
<!DOCTYPE html PUBLIC "-//W3C//DTD XHTML 1.0 Transitional//EN"
    "http://www.w3.org/TR/xhtml1/DTD/xhtml1-transitional.dtd">
<html xmlns="http://www.w3.org/1999/xhtml" xml:lang="en" lang="en">
 <head>
  <title>
</title>
<meta http-equiv="Content-Type" content="text/html;charset=utf-8" />
  <meta name='ocr-system' content='tesseract 3.04.00' />
  <meta name='ocr-capabilities' content='ocr_page ocr_carea ocr_par ocr_line ocrx_word'/>
</head>
<body>
  <div class='ocr_page' id='page_1' title='image "./librisymbolicie00stregoog/librisymbolicie00stregoog_0254.png"; bbox 0 0 2528 4522; ppageno 0'>
   <div class='ocr_carea' id='block_1_1' title="bbox 336 204 1068 349">
    <p class='ocr_par' dir='ltr' id='par_1_1' title="bbox 336 204 1068 349">
     <span class='ocr_line' id='line_1_1' title="bbox 336 204 1068 349; baseline 0 -27"><span class='ocrx_word' id='word_1_1' title='bbox 336 204 443 325; x_wconf 85' lang='lat' dir='ltr'><strong>Bulla</strong></span> <span class='ocrx_word' id='word_1_2' title='bbox 467 260 621 333; x_wconf 69' lang='lat' dir='ltr'><strong>moces.</strong></span> <span class='ocrx_word' id='word_1_3' title='bbox 643 251 804 349; x_wconf 73' lang='lat' dir='ltr'>privileg.</span> <span class='ocrx_word' id='word_1_4' title='bbox 994 267 1068 340; x_wconf 78' lang='lat'><strong>241</strong></span> 
     </span>
    </p>
   </div>
   <div class='ocr_carea' id='block_1_2' title="bbox 17 429 1167 1120">
    <p class='ocr_par' dir='ltr' id='par_1_2' title="bbox 17 429 1167 1120">
     <span class='ocr_line' id='line_1_2' title="bbox 61 429 1070 522; baseline 0.003 -21"><span class='ocrx_word' id='word_1_5' title='bbox 61 429 176 513; x_wconf 81' lang='lat' dir='ltr'><strong>vendi,</strong></span> <span class='ocrx_word' id='word_1_6' title='bbox 197 441 230 500; x_wconf 84' lang='lat' dir='ltr'><strong>at</strong></span> <span class='ocrx_word' id='word_1_7' title='bbox 249 453 267 496; x_wconf 86' lang='lat' dir='ltr'><strong>a</strong></span> <span class='ocrx_word' id='word_1_8' title='bbox 281 431 457 522; x_wconf 83' lang='lat' dir='ltr'><strong>quibusvis</strong></span> <span class='ocrx_word' id='word_1_9' title='bbox 480 431 627 520; x_wconf 85' lang='lat' dir='ltr'><strong>personis</strong></span> <span class='ocrx_word' id='word_1_10' title='bbox 642 431 771 499; x_wconf 88' lang='lat' dir='ltr'><strong>idoneis</strong></span> <span class='ocrx_word' id='word_1_11' title='bbox 785 453 846 521; x_wconf 85' lang='lat' dir='ltr'><strong>pro</strong></span> <span class='ocrx_word' id='word_1_12' title='bbox 866 431 974 522; x_wconf 79' lang='lat' dir='ltr'><strong>pretio</strong></span> <span class='ocrx_word' id='word_1_13' title='bbox 988 456 1070 504; x_wconf 86' lang='lat' dir='ltr'><strong>con-</strong></span> 
     </span>
     <span class='ocr_line' id='line_1_3' title="bbox 59 518 1070 608; baseline 0.002 -22"><span class='ocrx_word' id='word_1_14' title='bbox 59 520 208 586; x_wconf 78' lang='lat' dir='ltr'><strong>venienti</strong></span> <span class='ocrx_word' id='word_1_15' title='bbox 228 520 314 596; x_wconf 90' lang='lat' dir='ltr'><strong>erui,</strong></span> <span class='ocrx_word' id='word_1_16' title='bbox 348 520 450 583; x_wconf 90' lang='lat' dir='ltr'><strong>libere</strong></span> <span class='ocrx_word' id='word_1_17' title='bbox 482 531 515 582; x_wconf 89' lang='lat' dir='ltr'><strong>et</strong></span> <span class='ocrx_word' id='word_1_18' title='bbox 535 520 625 584; x_wconf 84' lang='lat' dir='ltr'><strong>licite</strong></span> <span class='ocrx_word' id='word_1_19' title='bbox 647 518 737 608; x_wconf 79' lang='lat' dir='ltr'><strong>polio</strong></span> <span class='ocrx_word' id='word_1_20' title='bbox 757 524 947 585; x_wconf 80' lang='lat' dir='ltr'><strong>auctoritate</strong></span> <span class='ocrx_word' id='word_1_21' title='bbox 967 522 1070 588; x_wconf 82' lang='lat' dir='ltr'><strong>nostra</strong></span> 
     </span>
     <span class='ocr_line' id='line_1_4' title="bbox 17 603 1070 693; baseline 0.004 -23"><span class='ocrx_word' id='word_1_22' title='bbox 17 628 21 639; x_wconf 92' lang='lat'><strong>·</strong></span> <span class='ocrx_word' id='word_1_23' title='bbox 60 617 187 686; x_wconf 88' lang='lat' dir='ltr'><strong>curent,</strong></span> <span class='ocrx_word' id='word_1_24' title='bbox 219 606 387 682; x_wconf 78' lang='lat' dir='ltr'><strong>nuncient,</strong></span> <span class='ocrx_word' id='word_1_25' title='bbox 413 603 593 670; x_wconf 82' lang='lat' dir='ltr'><strong>&#39;decernant</strong></span> <span class='ocrx_word' id='word_1_26' title='bbox 621 626 656 668; x_wconf 92' lang='lat' dir='ltr'><strong>ac</strong></span> <span class='ocrx_word' id='word_1_27' title='bbox 678 605 857 685; x_wconf 87' lang='lat' dir='ltr'><strong>declarent,</strong></span> <span class='ocrx_word' id='word_1_28' title='bbox 889 606 988 693; x_wconf 84' lang='lat' dir='ltr'><strong>p’rout</strong></span> <span class='ocrx_word' id='word_1_29' title='bbox 1008 628 1070 674; x_wconf 85' lang='lat' dir='ltr'><strong>nos</strong></span> 
     </span>
     <span class='ocr_line' id='line_1_5' title="bbox 60 688 1072 769; baseline 0.007 -15"><span class='ocrx_word' id='word_1_30' title='bbox 60 692 175 761; x_wconf 86' lang='lat' dir='ltr'><strong>harum</strong></span> <span class='ocrx_word' id='word_1_31' title='bbox 204 691 286 754; x_wconf 89' lang='lat' dir='ltr'><strong>serie</strong></span> <span class='ocrx_word' id='word_1_32' title='bbox 318 690 520 768; x_wconf 77' lang='lat' dir='ltr'><strong>nunciamus,</strong></span> <span class='ocrx_word' id='word_1_33' title='bbox 554 688 775 769; x_wconf 86' lang='lat' dir='ltr'><strong>decernimus,</strong></span> <span class='ocrx_word' id='word_1_34' title='bbox 808 701 842 755; x_wconf 88' lang='lat' dir='ltr'><strong>et</strong></span> <span class='ocrx_word' id='word_1_35' title='bbox 864 689 1072 761; x_wconf 79' lang='lat' dir='ltr'><strong>declaremus.</strong></span> 
     </span>
     <span class='ocr_line' id='line_1_6' title="bbox 59 775 1071 862; baseline 0 -21"><span class='ocrx_word' id='word_1_36' title='bbox 59 777 140 841; x_wconf 81' lang='lat' dir='ltr'><strong>Non</strong></span> <span class='ocrx_word' id='word_1_37' title='bbox 154 776 345 840; x_wconf 81' lang='lat' dir='ltr'><strong>obstantibus</strong></span> <span class='ocrx_word' id='word_1_38' title='bbox 367 775 534 862; x_wconf 77' lang='lat' dir='ltr'><strong>quibusvis</strong></span> <span class='ocrx_word' id='word_1_39' title='bbox 556 776 854 856; x_wconf 81' lang='lat' dir='ltr'><strong>constitutionibus,</strong></span> <span class='ocrx_word' id='word_1_40' title='bbox 870 787 917 840; x_wconf 61' lang='lat' dir='ltr'><strong>⁴et</strong></span> <span class='ocrx_word' id='word_1_41' title='bbox 937 777 1071 841; x_wconf 53' lang='lat' dir='ltr'><strong>ordino</strong></span> 
     </span>
     <span class='ocr_line' id='line_1_7' title="bbox 59 856 1167 948; baseline -0.005 -22"><span class='ocrx_word' id='word_1_42' title='bbox 59 862 204 927; x_wconf 86' lang='lat' dir='ltr'><strong>tionibus</strong></span> <span class='ocrx_word' id='word_1_43' title='bbox 223 859 424 947; x_wconf 75' lang='lat' dir='ltr'><strong>apostolicis,</strong></span> <span class='ocrx_word' id='word_1_44' title='bbox 457 881 493 925; x_wconf 91' lang='lat' dir='ltr'><strong>ac</strong></span> <span class='ocrx_word' id='word_1_45' title='bbox 521 862 809 948; x_wconf 80' lang='lat' dir='ltr'><strong>poenitentiarius,</strong></span> <span class='ocrx_word' id='word_1_46' title='bbox 841 871 875 926; x_wconf 87' lang='lat' dir='ltr'><strong>et</strong></span> <span class='ocrx_word' id='word_1_47' title='bbox 895 863 1071 944; x_wconf 69' lang='lat' dir='ltr'><strong>curiarum</strong></span> <span class='ocrx_word' id='word_1_48' title='bbox 1161 856 1167 921; x_wconf 75' lang='lat' dir='ltr'>f</span> 
     </span>
     <span class='ocr_line' id='line_1_8' title="bbox 59 946 1072 1033; baseline 0.002 -22"><span class='ocrx_word' id='word_1_49' title='bbox 59 969 120 1011; x_wconf 92' lang='lat' dir='ltr'><strong>nec</strong></span> <span class='ocrx_word' id='word_1_50' title='bbox 140 969 208 1011; x_wconf 92' lang='lat' dir='ltr'><strong>non</strong></span> <span class='ocrx_word' id='word_1_51' title='bbox 228 947 436 1009; x_wconf 75' lang='lat' dir='ltr'><strong>tribunalium</strong></span> <span class='ocrx_word' id='word_1_52' title='bbox 456 948 693 1033; x_wconf 84' lang='lat' dir='ltr'><strong>praedictorum</strong></span> <span class='ocrx_word' id='word_1_53' title='bbox 721 946 862 1026; x_wconf 79' lang='lat' dir='ltr'><strong>statutis,</strong></span> <span class='ocrx_word' id='word_1_54' title='bbox 882 959 954 1011; x_wconf 77' lang='lat' dir='ltr'><strong>etc.</strong></span> <span class='ocrx_word' id='word_1_55' title='bbox 972 947 1072 1013; x_wconf 86' lang='lat' dir='ltr'><strong>etiam</strong></span> 
     </span>
     <span class='ocr_line' id='line_1_9' title="bbox 25 1032 1072 1120; baseline 0 -24"><span class='ocrx_word' id='word_1_56' title='bbox 25 1080 27 1085; x_wconf 85' lang='lat'>-</span> <span class='ocrx_word' id='word_1_57' title='bbox 58 1033 256 1117; x_wconf 84' lang='lat' dir='ltr'><strong>jurarnenio,</strong></span> <span class='ocrx_word' id='word_1_58' title='bbox 276 1042 337 1094; x_wconf 86' lang='lat' dir='ltr'><strong>etc.</strong></span> <span class='ocrx_word' id='word_1_59' title='bbox 358 1032 536 1108; x_wconf 85' lang='lat' dir='ltr'><strong>roboretis,</strong></span> <span class='ocrx_word' id='word_1_60' title='bbox 557 1032 744 1120; x_wconf 81' lang='lat' dir='ltr'><strong>privilegiis</strong></span> <span class='ocrx_word' id='word_1_61' title='bbox 764 1053 901 1120; x_wconf 90' lang='lat' dir='ltr'><strong>quoque,</strong></span> <span class='ocrx_word' id='word_1_62' title='bbox 924 1032 1072 1107; x_wconf 86' lang='lat' dir='ltr'><strong>indultis,</strong></span> 
     </span>
    </p>
   </div>
   <div class='ocr_carea' id='block_1_3' title="bbox 59 1115 1194 1202">
    <p class='ocr_par' dir='ltr' id='par_1_3' title="bbox 59 1115 1194 1202">
     <span class='ocr_line' id='line_1_10' title="bbox 59 1115 1194 1202; baseline 0.002 -21"><span class='ocrx_word' id='word_1_63' title='bbox 59 1129 93 1181; x_wconf 87' lang='lat' dir='ltr'><strong>et</strong></span> <span class='ocrx_word' id='word_1_64' title='bbox 122 1117 244 1181; x_wconf 87' lang='lat' dir='ltr'><strong>litteris</strong></span> <span class='ocrx_word' id='word_1_65' title='bbox 273 1115 470 1202; x_wconf 83' lang='lat' dir='ltr'><strong>apostolicis,</strong></span> <span class='ocrx_word' id='word_1_66' title='bbox 502 1118 594 1195; x_wconf 90' lang='lat' dir='ltr'><strong>illis,</strong></span> <span class='ocrx_word' id='word_1_67' title='bbox 628 1140 665 1183; x_wconf 90' lang='lat' dir='ltr'><strong>ac</strong></span> <span class='ocrx_word' id='word_1_68' title='bbox 695 1118 791 1181; x_wconf 85' lang='lat' dir='ltr'><strong>dictis</strong></span> <span class='ocrx_word' id='word_1_69' title='bbox 821 1116 1011 1182; x_wconf 87' lang='lat' dir='ltr'><strong>officialibus</strong></span> <span class='ocrx_word' id='word_1_70' title='bbox 1039 1132 1073 1183; x_wconf 86' lang='lat' dir='ltr'><strong>et</strong></span> <span class='ocrx_word' id='word_1_71' title='bbox 1169 1154 1194 1169; x_wconf 29' lang='grc' dir='ltr'><strong>ψ’</strong></span> 
     </span>
    </p>
   </div>
   <div class='ocr_carea' id='block_1_4' title="bbox 59 1197 1076 1971">
    <p class='ocr_par' dir='ltr' id='par_1_4' title="bbox 59 1197 1075 1804">
     <span class='ocr_line' id='line_1_11' title="bbox 59 1197 1073 1290; baseline 0.002 -25"><span class='ocrx_word' id='word_1_72' title='bbox 59 1203 272 1266; x_wconf 85' lang='lat' dir='ltr'><strong>tribunalibus</strong></span> <span class='ocrx_word' id='word_1_73' title='bbox 291 1203 346 1265; x_wconf 90' lang='lat' dir='ltr'><strong>sub</strong></span> <span class='ocrx_word' id='word_1_74' title='bbox 367 1202 616 1290; x_wconf 85' lang='lat' dir='ltr'><strong>quibuscumque</strong></span> <span class='ocrx_word' id='word_1_75' title='bbox 631 1204 814 1282; x_wconf 82' lang='lat' dir='ltr'><strong>tenoribus,</strong></span> <span class='ocrx_word' id='word_1_76' title='bbox 841 1213 872 1266; x_wconf 85' lang='lat' dir='ltr'><strong>et</strong></span> <span class='ocrx_word' id='word_1_77' title='bbox 892 1197 1021 1283; x_wconf 82' lang='lat' dir='ltr'><strong>formis,</strong></span> <span class='ocrx_word' id='word_1_78' title='bbox 1037 1225 1073 1267; x_wconf 88' lang='lat' dir='ltr'><strong>ac</strong></span> 
     </span>
     <span class='ocr_line' id='line_1_12' title="bbox 59 1287 1072 1374; baseline 0.001 -24"><span class='ocrx_word' id='word_1_79' title='bbox 59 1309 134 1351; x_wconf 89' lang='lat' dir='ltr'><strong>com</strong></span> <span class='ocrx_word' id='word_1_80' title='bbox 155 1287 321 1374; x_wconf 80' lang='lat' dir='ltr'><strong>quibusvis</strong></span> <span class='ocrx_word' id='word_1_81' title='bbox 341 1287 491 1350; x_wconf 76' lang='lat' dir='ltr'><strong>clausulis</strong></span> <span class='ocrx_word' id='word_1_82' title='bbox 512 1299 545 1351; x_wconf 88' lang='lat' dir='ltr'><strong>et</strong></span> <span class='ocrx_word' id='word_1_83' title='bbox 565 1288 713 1364; x_wconf 78' lang='lat' dir='ltr'><strong>decretis,</strong></span> <span class='ocrx_word' id='word_1_84' title='bbox 734 1288 832 1352; x_wconf 81' lang='lat' dir='ltr'><strong>etiam</strong></span> <span class='ocrx_word' id='word_1_85' title='bbox 854 1298 944 1351; x_wconf 89' lang='lat' dir='ltr'><strong>motu</strong></span> <span class='ocrx_word' id='word_1_86' title='bbox 963 1287 1072 1366; x_wconf 85' lang='lat' dir='ltr'><strong>simili,</strong></span> 
     </span>
     <span class='ocr_line' id='line_1_13' title="bbox 59 1367 1074 1460; baseline 0.002 -24"><span class='ocrx_word' id='word_1_87' title='bbox 59 1385 122 1436; x_wconf 85' lang='lat' dir='ltr'><strong>etc.</strong></span> <span class='ocrx_word' id='word_1_88' title='bbox 145 1385 179 1437; x_wconf 86' lang='lat' dir='ltr'><strong>et</strong></span> <span class='ocrx_word' id='word_1_89' title='bbox 198 1373 280 1435; x_wconf 87' lang='lat' dir='ltr'><strong>elias</strong></span> <span class='ocrx_word' id='word_1_90' title='bbox 301 1370 598 1460; x_wconf 84' lang='lat' dir='ltr'><strong>quomodocumque</strong></span> <span class='ocrx_word' id='word_1_91' title='bbox 619 1374 787 1450; x_wconf 80' lang='lat' dir='ltr'><strong>concessis,</strong></span> <span class='ocrx_word' id='word_1_92' title='bbox 819 1385 878 1436; x_wconf 82' lang='lat' dir='ltr'><strong>etc.</strong></span> <span class='ocrx_word' id='word_1_93' title='bbox 942 1367 1074 1455; x_wconf 83' lang='lat' dir='ltr'><strong>Quibus</strong></span> 
     </span>
     <span class='ocr_line' id='line_1_14' title="bbox 61 1457 1074 1536; baseline 0.002 -16"><span class='ocrx_word' id='word_1_94' title='bbox 61 1458 231 1536; x_wconf 89' lang='lat' dir='ltr'><strong>omnibus,</strong></span> <span class='ocrx_word' id='word_1_95' title='bbox 254 1469 313 1521; x_wconf 85' lang='lat' dir='ltr'><strong>etc.</strong></span> <span class='ocrx_word' id='word_1_96' title='bbox 333 1457 468 1520; x_wconf 87' lang='lat' dir='ltr'><strong>illorum</strong></span> <span class='ocrx_word' id='word_1_97' title='bbox 487 1467 634 1536; x_wconf 80' lang='lat' dir='ltr'><strong>tenores,</strong></span> <span class='ocrx_word' id='word_1_98' title='bbox 659 1458 729 1523; x_wconf 78' lang='lat' dir='ltr'><strong>esc.</strong></span> <span class='ocrx_word' id='word_1_99' title='bbox 754 1459 813 1522; x_wconf 81' lang='lat' dir='ltr'><strong>bac</strong></span> <span class='ocrx_word' id='word_1_100' title='bbox 832 1459 905 1521; x_wconf 77' lang='lat' dir='ltr'><strong>vice</strong></span> <span class='ocrx_word' id='word_1_101' title='bbox 925 1458 1074 1522; x_wconf 81' lang='lat' dir='ltr'><strong>letissimo</strong></span> 
     </span>
     <span class='ocr_line' id='line_1_15' title="bbox 60 1538 1075 1631; baseline -0.001 -24"><span class='ocrx_word' id='word_1_102' title='bbox 60 1542 268 1625; x_wconf 72' lang='lat' dir='ltr'><strong>derogamus,</strong></span> <span class='ocrx_word' id='word_1_103' title='bbox 304 1562 403 1630; x_wconf 83' lang='lat' dir='ltr'><strong>eaque</strong></span> <span class='ocrx_word' id='word_1_104' title='bbox 429 1539 578 1606; x_wconf 84' lang='lat' dir='ltr'><strong>adversus</strong></span> <span class='ocrx_word' id='word_1_105' title='bbox 610 1541 779 1631; x_wconf 76' lang='lat' dir='ltr'><strong>praemissa</strong></span> <span class='ocrx_word' id='word_1_106' title='bbox 801 1544 985 1608; x_wconf 80' lang='lat' dir='ltr'><strong>nullatenus</strong></span> <span class='ocrx_word' id='word_1_107' title='bbox 1004 1538 1075 1606; x_wconf 83' lang='lat' dir='ltr'><strong>sui-</strong></span> 
     </span>
     <span class='ocr_line' id='line_1_16' title="bbox 60 1623 1075 1718; baseline 0.003 -27"><span class='ocrx_word' id='word_1_108' title='bbox 60 1623 180 1712; x_wconf 84' lang='lat' dir='ltr'><strong>lregari</strong></span> <span class='ocrx_word' id='word_1_109' title='bbox 209 1629 378 1705; x_wconf 69' lang='lat' dir='ltr'><strong>volumusr</strong></span> <span class='ocrx_word' id='word_1_110' title='bbox 409 1629 585 1714; x_wconf 81' lang='lat' dir='ltr'><strong>ceterisque</strong></span> <span class='ocrx_word' id='word_1_111' title='bbox 614 1629 787 1694; x_wconf 74' lang='lat' dir='ltr'><strong>contrariis</strong></span> <span class='ocrx_word' id='word_1_112' title='bbox 815 1627 1075 1718; x_wconf 83' lang='lat' dir='ltr'><strong>quibuscumque.</strong></span> 
     </span>
     <span class='ocr_line' id='line_1_17' title="bbox 360 1709 950 1804; baseline 0.014 -31"><span class='ocrx_word' id='word_1_113' title='bbox 360 1709 471 1776; x_wconf 83' lang='lat' dir='ltr'><strong>Placet</strong></span> <span class='ocrx_word' id='word_1_114' title='bbox 489 1725 581 1778; x_wconf 87' lang='lat' dir='ltr'><strong>motu</strong></span> <span class='ocrx_word' id='word_1_115' title='bbox 601 1715 738 1804; x_wconf 80' lang='lat' dir='ltr'><strong>proprio</strong></span> <span class='ocrx_word' id='word_1_116' title='bbox 764 1711 794 1780; x_wconf 88' lang='lat' dir='ltr'><strong>I.</strong></span> <span class='ocrx_word' id='word_1_117' title='bbox 947 1732 950 1738; x_wconf 86' lang='lat'>&#39;</span> 
     </span>
    </p>

    <p class='ocr_par' dir='ltr' id='par_1_5' title="bbox 122 1791 1076 1889">
     <span class='ocr_line' id='line_1_18' title="bbox 122 1791 1076 1889; baseline 0.003 -30"><span class='ocrx_word' id='word_1_118' title='bbox 122 1791 245 1860; x_wconf 83' lang='lat' dir='ltr'><strong>Datum</strong></span> <span class='ocrx_word' id='word_1_119' title='bbox 267 1791 390 1860; x_wconf 83' lang='lat' dir='ltr'><strong>Romae</strong></span> <span class='ocrx_word' id='word_1_120' title='bbox 410 1795 495 1884; x_wconf 88' lang='lat' dir='ltr'><strong>apud</strong></span> <span class='ocrx_word' id='word_1_121' title='bbox 522 1802 666 1866; x_wconf 81' lang='lat' dir='ltr'><strong>sanctum</strong></span> <span class='ocrx_word' id='word_1_122' title='bbox 686 1799 849 1883; x_wconf 82' lang='lat' dir='ltr'><strong>Marcum,</strong></span> <span class='ocrx_word' id='word_1_123' title='bbox 876 1807 989 1889; x_wconf 82' lang='lat' dir='ltr'><strong>quarto</strong></span> <span class='ocrx_word' id='word_1_124' title='bbox 1010 1817 1076 1863; x_wconf 83' lang='lat' dir='ltr'><strong>no·</strong></span> 
     </span>
    </p>

    <p class='ocr_par' dir='ltr' id='par_1_6' title="bbox 60 1875 546 1971">
     <span class='ocr_line' id='line_1_19' title="bbox 60 1875 546 1971; baseline 0.008 -27"><span class='ocrx_word' id='word_1_125' title='bbox 60 1899 120 1944; x_wconf 87' lang='lat' dir='ltr'><strong>nas</strong></span> <span class='ocrx_word' id='word_1_126' title='bbox 140 1875 291 1964; x_wconf 82' lang='lat' dir='ltr'><strong>Augufli,</strong></span> <span class='ocrx_word' id='word_1_127' title='bbox 312 1896 406 1947; x_wconf 62' lang='lat' dir='ltr'><strong>anno*</strong></span> <span class='ocrx_word' id='word_1_128' title='bbox 419 1883 546 1971; x_wconf 84' lang='lat' dir='ltr'><strong>quinto.</strong></span> 
     </span>
    </p>
   </div>
   <div class='ocr_carea' id='block_1_5' title="bbox 63 2115 1076 2360">
    <p class='ocr_par' dir='ltr' id='par_1_7' title="bbox 63 2115 1076 2360">
     <span class='ocr_line' id='line_1_20' title="bbox 63 2115 1076 2233; baseline 0 -39"><span class='ocrx_word' id='word_1_129' title='bbox 63 2116 291 2194; x_wconf 62' lang='grc' dir='ltr'><strong>ΒΗΜΛ</strong></span> <span class='ocrx_word' id='word_1_130' title='bbox 322 2120 437 2233; x_wconf 78' lang='lat' dir='ltr'><strong>sn.</strong></span> <span class='ocrx_word' id='word_1_131' title='bbox 469 2119 517 2196; x_wconf 81' lang='lat' dir='ltr'><strong>N.</strong></span> <span class='ocrx_word' id='word_1_132' title='bbox 541 2119 590 2192; x_wconf 84' lang='lat' dir='ltr'><strong>n.</strong></span> <span class='ocrx_word' id='word_1_133' title='bbox 618 2116 719 2193; x_wconf 74' lang='lat'>1³11</span> <span class='ocrx_word' id='word_1_134' title='bbox 750 2115 969 2194; x_wconf 74' lang='lat' dir='ltr'><strong>PAPAE</strong></span> <span class='ocrx_word' id='word_1_135' title='bbox 993 2116 1076 2194; x_wconf 79' lang='lat' dir='ltr'><strong>tv.</strong></span> 
     </span>
     <span class='ocr_line' id='line_1_21' title="bbox 168 2264 926 2360; baseline -0.001 -25"><span class='ocrx_word' id='word_1_136' title='bbox 168 2354 171 2360; x_wconf 16' lang='lat'><em>4</em></span> <span class='ocrx_word' id='word_1_137' title='bbox 215 2264 544 2337; x_wconf 73' lang='lat' dir='ltr'><strong>uevocrronns</strong></span> <span class='ocrx_word' id='word_1_138' title='bbox 564 2267 926 2349; x_wconf 79' lang='lat' dir='ltr'><strong>rmvnuoronuu,</strong></span> 
     </span>
    </p>
   </div>
   <div class='ocr_carea' id='block_1_6' title="bbox 23 2439 1082 2930">
    <p class='ocr_par' dir='ltr' id='par_1_8' title="bbox 23 2439 1082 2930">
     <span class='ocr_line' id='line_1_22' title="bbox 61 2439 1081 2532; baseline -0.004 -22"><span class='ocrx_word' id='word_1_139' title='bbox 61 2439 336 2529; x_wconf 77' lang='lat' dir='ltr'><strong>exemptionum,</strong></span> <span class='ocrx_word' id='word_1_140' title='bbox 357 2439 644 2521; x_wconf 78' lang='lat' dir='ltr'><strong>immunitatum,</strong></span> <span class='ocrx_word' id='word_1_141' title='bbox 665 2439 907 2532; x_wconf 76' lang='lat' dir='ltr'><strong>facultatum,</strong></span> <span class='ocrx_word' id='word_1_142' title='bbox 938 2440 1081 2526; x_wconf 73' lang='lat' dir='ltr'><strong>muscer-</strong></span> 
     </span>
     <span class='ocr_line' id='line_1_23' title="bbox 61 2525 1081 2618; baseline -0.004 -24"><span class='ocrx_word' id='word_1_143' title='bbox 61 2526 298 2607; x_wconf 78' lang='lat' dir='ltr'><strong>vatoriarum,</strong></span> <span class='ocrx_word' id='word_1_144' title='bbox 333 2525 568 2607; x_wconf 80' lang='lat' dir='ltr'><strong>indultorum,</strong></span> <span class='ocrx_word' id='word_1_145' title='bbox 609 2525 921 2618; x_wconf 73' lang='lat' dir='ltr'><strong>confeffionalium,</strong></span> <span class='ocrx_word' id='word_1_146' title='bbox 962 2526 1081 2593; x_wconf 85' lang='lat' dir='ltr'><strong>Maris</strong></span> 
     </span>
     <span class='ocr_line' id='line_1_24' title="bbox 64 2608 1080 2710; baseline -0.003 -32"><span class='ocrx_word' id='word_1_147' title='bbox 64 2610 207 2699; x_wconf 80' lang='lat' dir='ltr'><strong>magni,</strong></span> <span class='ocrx_word' id='word_1_148' title='bbox 239 2620 274 2674; x_wconf 81' lang='lat' dir='ltr'><strong>et</strong></span> <span class='ocrx_word' id='word_1_149' title='bbox 305 2609 461 2684; x_wconf 84' lang='lat' dir='ltr'><strong>aliarum</strong></span> <span class='ocrx_word' id='word_1_150' title='bbox 492 2633 784 2700; x_wconf 80' lang='lat' dir='ltr'><strong>quarumcumque</strong></span> <span class='ocrx_word' id='word_1_151' title='bbox 793 2608 970 2710; x_wconf 77' lang='lat' dir='ltr'><strong>similium</strong></span> <span class='ocrx_word' id='word_1_152' title='bbox 987 2632 1080 2699; x_wconf 82' lang='lat' dir='ltr'><strong>gra·</strong></span> 
     </span>
     <span class='ocr_line' id='line_1_25' title="bbox 65 2686 1081 2794; baseline -0.003 -32"><span class='ocrx_word' id='word_1_153' title='bbox 65 2696 211 2775; x_wconf 81' lang='lat' dir='ltr'><strong>tiorum,</strong></span> <span class='ocrx_word' id='word_1_154' title='bbox 231 2693 498 2794; x_wconf 81' lang='lat' dir='ltr'><strong>quibuscumque</strong></span> <span class='ocrx_word' id='word_1_155' title='bbox 520 2695 650 2763; x_wconf 82' lang='lat' dir='ltr'><strong>locieet</strong></span> <span class='ocrx_word' id='word_1_156' title='bbox 686 2686 1081 2784; x_wconf 70' lang='lat' dir='ltr'><strong>ersomsconceffiarumr</strong></span> 
     </span>
     <span class='ocr_line' id='line_1_26' title="bbox 23 2776 1082 2869; baseline -0.003 -24"><span class='ocrx_word' id='word_1_157' title='bbox 23 2852 28 2866; x_wconf 27' lang='grc' dir='ltr'>ι</span> <span class='ocrx_word' id='word_1_158' title='bbox 65 2780 103 2846; x_wconf 82' lang='lat' dir='ltr'><strong>in</strong></span> <span class='ocrx_word' id='word_1_159' title='bbox 117 2778 201 2860; x_wconf 69' lang='lat' dir='ltr'><strong>fiis,</strong></span> <span class='ocrx_word' id='word_1_160' title='bbox 231 2803 270 2845; x_wconf 85' lang='lat' dir='ltr'><strong>m</strong></span> <span class='ocrx_word' id='word_1_161' title='bbox 291 2776 415 2868; x_wconf 82' lang='lat' dir='ltr'><strong>quibus</strong></span> <span class='ocrx_word' id='word_1_162' title='bbox 426 2778 576 2869; x_wconf 80' lang='lat' dir='ltr'><strong>statutis</strong></span> <span class='ocrx_word' id='word_1_163' title='bbox 597 2790 632 2846; x_wconf 79' lang='lat' dir='ltr'><strong>ei</strong></span> <span class='ocrx_word' id='word_1_164' title='bbox 677 2780 800 2846; x_wconf 80' lang='lat' dir='ltr'><strong>erretis</strong></span> <span class='ocrx_word' id='word_1_165' title='bbox 820 2778 918 2862; x_wconf 83' lang='lat' dir='ltr'><strong>sacri</strong></span> <span class='ocrx_word' id='word_1_166' title='bbox 939 2777 1082 2846; x_wconf 82' lang='lat' dir='ltr'><strong>concilii</strong></span> 
     </span>
     <span class='ocr_line' id='line_1_27' title="bbox 325 2861 935 2930; baseline -0.01 -1"><span class='ocrx_word' id='word_1_167' title='bbox 325 2861 530 2929; x_wconf 76' lang='lat' dir='ltr'><strong>Tridentini</strong></span> <span class='ocrx_word' id='word_1_168' title='bbox 549 2865 827 2930; x_wconf 70' lang='lat' dir='ltr'><strong>concruciamur.</strong></span> <span class='ocrx_word' id='word_1_169' title='bbox 933 2918 935 2923; x_wconf 81' lang='grc'>,</span> 
     </span>
    </p>
   </div>
   <div class='ocr_carea' id='block_1_7' title="bbox 69 2999 1244 3119">
    <p class='ocr_par' dir='ltr' id='par_1_9' title="bbox 69 2999 1244 3119">
     <span class='ocr_line' id='line_1_28' title="bbox 69 2999 1244 3119; baseline -0.009 -33"><span class='ocrx_word' id='word_1_170' title='bbox 69 3013 1083 3119; x_wconf 70' lang='lat' dir='ltr'><strong>PiusEpiscopus,ferqusservorumDei,adper-</strong></span> <span class='ocrx_word' id='word_1_171' title='bbox 1149 2999 1157 3008; x_wconf 45' lang='lat'>⁸</span> <span class='ocrx_word' id='word_1_172' title='bbox 1243 3088 1244 3101; x_wconf 11' lang='grc' dir='ltr'>χ</span> 
     </span>
    </p>
   </div>
   <div class='ocr_carea' id='block_1_8' title="bbox 304 3113 801 3192">
    <p class='ocr_par' dir='ltr' id='par_1_10' title="bbox 304 3113 801 3192">
     <span class='ocr_line' id='line_1_29' title="bbox 304 3113 801 3192; baseline 0 -24"><span class='ocrx_word' id='word_1_173' title='bbox 304 3176 307 3183; x_wconf 50' lang='grc'><strong>,</strong></span> <span class='ocrx_word' id='word_1_174' title='bbox 350 3113 495 3192; x_wconf 81' lang='lat' dir='ltr'><strong>petuam</strong></span> <span class='ocrx_word' id='word_1_175' title='bbox 517 3125 568 3168; x_wconf 82' lang='lat' dir='ltr'><strong>rea</strong></span> <span class='ocrx_word' id='word_1_176' title='bbox 588 3125 801 3170; x_wconf 76' lang='lat' dir='ltr'><strong>memorarem.</strong></span> 
     </span>
    </p>
   </div>
   <div class='ocr_carea' id='block_1_9' title="bbox 68 3208 1085 3470">
    <p class='ocr_par' dir='ltr' id='par_1_11' title="bbox 68 3208 1085 3470">
     <span class='ocr_line' id='line_1_30' title="bbox 88 3208 1084 3310; baseline -0.006 -22"><span class='ocrx_word' id='word_1_177' title='bbox 88 3208 91 3213; x_wconf 37' lang='lat'><em>¹</em></span> <span class='ocrx_word' id='word_1_178' title='bbox 129 3221 170 3288; x_wconf 90' lang='lat' dir='ltr'><strong>In</strong></span> <span class='ocrx_word' id='word_1_179' title='bbox 192 3222 350 3310; x_wconf 86' lang='lat' dir='ltr'><strong>principis</strong></span> <span class='ocrx_word' id='word_1_180' title='bbox 369 3217 598 3308; x_wconf 83' lang='lat' dir='ltr'><strong>Apostolorum</strong></span> <span class='ocrx_word' id='word_1_181' title='bbox 627 3222 720 3301; x_wconf 88' lang='lat' dir='ltr'><strong>sede,</strong></span> <span class='ocrx_word' id='word_1_182' title='bbox 757 3220 884 3286; x_wconf 82' lang='lat' dir='ltr'><strong>meritis</strong></span> <span class='ocrx_word' id='word_1_183' title='bbox 911 3218 989 3285; x_wconf 76' lang='lat' dir='ltr'><strong>licet</strong></span> <span class='ocrx_word' id='word_1_184' title='bbox 1015 3214 1084 3283; x_wconf 87' lang='lat' dir='ltr'><strong>im·</strong></span> 
     </span>
     <span class='ocr_line' id='line_1_31' title="bbox 68 3304 1083 3397; baseline 0 -24"><span class='ocrx_word' id='word_1_185' title='bbox 68 3309 218 3397; x_wconf 85' lang='lat' dir='ltr'><strong>paribus,</strong></span> <span class='ocrx_word' id='word_1_186' title='bbox 252 3310 365 3372; x_wconf 83' lang='lat' dir='ltr'><strong>divina</strong></span> <span class='ocrx_word' id='word_1_187' title='bbox 398 3308 611 3396; x_wconf 86' lang='lat' dir='ltr'><strong>dispositione</strong></span> <span class='ocrx_word' id='word_1_188' title='bbox 640 3307 818 3385; x_wconf 77' lang='lat' dir='ltr'><strong>constituti,</strong></span> <span class='ocrx_word' id='word_1_189' title='bbox 858 3304 947 3371; x_wconf 90' lang='lat' dir='ltr'><strong>nihil</strong></span> <span class='ocrx_word' id='word_1_190' title='bbox 978 3321 1083 3392; x_wconf 65' lang='lat' dir='ltr'><strong>neqw</strong></span> 
     </span>
     <span class='ocr_line' id='line_1_32' title="bbox 68 3390 1085 3470; baseline -0.006 -11"><span class='ocrx_word' id='word_1_191' title='bbox 68 3395 245 3459; x_wconf 85' lang='lat' dir='ltr'><strong>universali</strong></span> <span class='ocrx_word' id='word_1_192' title='bbox 265 3393 428 3470; x_wconf 85' lang='lat' dir='ltr'><strong>ecclesiae,</strong></span> <span class='ocrx_word' id='word_1_193' title='bbox 447 3413 541 3456; x_wconf 86' lang='lat' dir='ltr'><strong>curae</strong></span> <span class='ocrx_word' id='word_1_194' title='bbox 562 3405 596 3457; x_wconf 90' lang='lat' dir='ltr'><strong>et</strong></span> <span class='ocrx_word' id='word_1_195' title='bbox 615 3391 831 3457; x_wconf 82' lang='lat' dir='ltr'><strong>sollicitudini</strong></span> <span class='ocrx_word' id='word_1_196' title='bbox 849 3390 972 3457; x_wconf 85' lang='lat' dir='ltr'><strong>nostras</strong></span> <span class='ocrx_word' id='word_1_197' title='bbox 992 3408 1085 3455; x_wconf 62' lang='lat' dir='ltr'><strong>ww</strong></span> 
     </span>
    </p>
   </div>
   <div class='ocr_carea' id='block_1_10' title="bbox 69 3472 1204 3565">
    <p class='ocr_par' dir='ltr' id='par_1_12' title="bbox 69 3472 1204 3565">
     <span class='ocr_line' id='line_1_33' title="bbox 69 3472 1204 3565; baseline -0.005 -21"><span class='ocrx_word' id='word_1_198' title='bbox 69 3479 191 3558; x_wconf 84' lang='lat' dir='ltr'><strong>millae,</strong></span> <span class='ocrx_word' id='word_1_199' title='bbox 211 3481 379 3555; x_wconf 82' lang='lat' dir='ltr'><strong>salubrius,</strong></span> <span class='ocrx_word' id='word_1_200' title='bbox 400 3498 503 3565; x_wconf 93' lang='lat' dir='ltr'><strong>neque</strong></span> <span class='ocrx_word' id='word_1_201' title='bbox 524 3478 667 3562; x_wconf 86' lang='lat' dir='ltr'><strong>injuncto</strong></span> <span class='ocrx_word' id='word_1_202' title='bbox 688 3477 784 3542; x_wconf 92' lang='lat' dir='ltr'><strong>nobis</strong></span> <span class='ocrx_word' id='word_1_203' title='bbox 805 3472 1084 3563; x_wconf 68' lang='lat' dir='ltr'><strong>apostolicaa.ler·&#39;</strong></span> <span class='ocrx_word' id='word_1_204' title='bbox 1202 3516 1204 3520; x_wconf 28' lang='grc' dir='ltr'><strong><em>ι</em></strong></span> 
     </span>
    </p>
   </div>
   <div class='ocr_carea' id='block_1_11' title="bbox 70 3554 1156 3990">
    <p class='ocr_par' dir='ltr' id='par_1_13' title="bbox 70 3554 1084 3704">
     <span class='ocr_line' id='line_1_34' title="bbox 70 3554 1084 3704; baseline -0.007 -76"><span class='ocrx_word' id='word_1_205' title='bbox 70 3566 187 3629; x_wconf 76' lang='lat' dir='ltr'><strong>vitutis</strong></span> <span class='ocrx_word' id='word_1_206' title='bbox 208 3564 316 3628; x_wconf 87' lang='lat' dir='ltr'><strong>officio</strong></span> <span class='ocrx_word' id='word_1_207' title='bbox 339 3562 502 3628; x_wconf 88' lang='lat' dir='ltr'><strong>decentius</strong></span> <span class='ocrx_word' id='word_1_208' title='bbox 522 3563 675 3648; x_wconf 83' lang='lat' dir='ltr'><strong>praeliare</strong></span> <span class='ocrx_word' id='word_1_209' title='bbox 687 3560 863 3650; x_wconf 81' lang='lat' dir='ltr'><strong>possumus,</strong></span> <span class='ocrx_word' id='word_1_210' title='bbox 882 3582 976 3649; x_wconf 86' lang='lat' dir='ltr'><strong>quom</strong></span> <span class='ocrx_word' id='word_1_211' title='bbox 996 3554 1084 3704; x_wconf 87' lang='lat' dir='ltr'><strong>quod</strong></span> 
     </span>
    </p>

    <p class='ocr_par' dir='ltr' id='par_1_14' title="bbox 72 3643 1156 3990">
     <span class='ocr_line' id='line_1_35' title="bbox 94 3643 1084 3714; baseline -0.007 -2"><span class='ocrx_word' id='word_1_212' title='bbox 94 3650 297 3714; x_wconf 75' lang='lat' dir='ltr'><strong>rovidentiue</strong></span> <span class='ocrx_word' id='word_1_213' title='bbox 317 3647 438 3711; x_wconf 80' lang='lat' dir='ltr'><strong>nostrae</strong></span> <span class='ocrx_word' id='word_1_214' title='bbox 457 3648 632 3712; x_wconf 77' lang='lat' dir='ltr'><strong>ministerio</strong></span> <span class='ocrx_word' id='word_1_215' title='bbox 655 3649 891 3713; x_wconf 89' lang='lat' dir='ltr'><strong>oecumenicum</strong></span> <span class='ocrx_word' id='word_1_216' title='bbox 911 3643 1003 3713; x_wconf 86' lang='lat' dir='ltr'><strong>couci</strong></span> <span class='ocrx_word' id='word_1_217' title='bbox 1017 3645 1084 3706; x_wconf 87' lang='lat' dir='ltr'><strong>ium</strong></span> 
     </span>
     <span class='ocr_line' id='line_1_36' title="bbox 76 3731 1156 3821; baseline -0.011 -22"><span class='ocrx_word' id='word_1_218' title='bbox 76 3735 323 3810; x_wconf 77' lang='lat' dir='ltr'><strong>frideniinurn,</strong></span> <span class='ocrx_word' id='word_1_219' title='bbox 355 3733 431 3795; x_wconf 80' lang='lat' dir='ltr'><strong>ficut</strong></span> <span class='ocrx_word' id='word_1_220' title='bbox 451 3732 564 3797; x_wconf 81' lang='lat' dir='ltr'><strong>nolitis</strong></span> <span class='ocrx_word' id='word_1_221' title='bbox 585 3733 784 3819; x_wconf 81' lang='lat' dir='ltr'><strong>potissimum</strong></span> <span class='ocrx_word' id='word_1_222' title='bbox 805 3732 978 3821; x_wconf 86' lang='lat' dir='ltr'><strong>auspiciis,</strong></span> <span class='ocrx_word' id='word_1_223' title='bbox 997 3731 1086 3791; x_wconf 86' lang='lat' dir='ltr'><strong>surn—</strong></span> <span class='ocrx_word' id='word_1_224' title='bbox 1153 3773 1156 3777; x_wconf 81' lang='lat'><em>-</em></span> 
     </span>
     <span class='ocr_line' id='line_1_37' title="bbox 72 3810 1087 3908; baseline -0.011 -25"><span class='ocrx_word' id='word_1_225' title='bbox 72 3841 188 3908; x_wconf 78' lang='lat' dir='ltr'><strong>unaque</strong></span> <span class='ocrx_word' id='word_1_226' title='bbox 216 3821 396 3885; x_wconf 82' lang='lat' dir='ltr'><strong>sanctorum</strong></span> <span class='ocrx_word' id='word_1_227' title='bbox 417 3830 544 3903; x_wconf 85' lang='lat' dir='ltr'><strong>patrum</strong></span> <span class='ocrx_word' id='word_1_228' title='bbox 573 3820 763 3896; x_wconf 84' lang='lat' dir='ltr'><strong>concordia,</strong></span> <span class='ocrx_word' id='word_1_229' title='bbox 794 3840 853 3906; x_wconf 82' lang='lat' dir='ltr'><strong>per</strong></span> <span class='ocrx_word' id='word_1_230' title='bbox 875 3816 938 3882; x_wconf 89' lang='lat' dir='ltr'><strong>Dei</strong></span> <span class='ocrx_word' id='word_1_231' title='bbox 958 3810 1087 3877; x_wconf 79' lang='lat' dir='ltr'><strong>miseri-</strong></span> 
     </span>
     <span class='ocr_line' id='line_1_38' title="bbox 73 3899 1087 3990; baseline -0.01 -22"><span class='ocrx_word' id='word_1_232' title='bbox 73 3907 215 3968; x_wconf 84' lang='lat' dir='ltr'><strong>cordiam</strong></span> <span class='ocrx_word' id='word_1_233' title='bbox 247 3899 386 3967; x_wconf 83' lang='lat' dir='ltr'><strong>feliciter</strong></span> <span class='ocrx_word' id='word_1_234' title='bbox 418 3903 594 3971; x_wconf 85' lang='lat' dir='ltr'><strong>absolutum</strong></span> <span class='ocrx_word' id='word_1_235' title='bbox 612 3899 699 3967; x_wconf 83' lang='lat' dir='ltr'><strong>fuit:</strong></span> <span class='ocrx_word' id='word_1_236' title='bbox 729 3906 793 3982; x_wconf 87' lang='lat' dir='ltr'><strong>ita,</strong></span> <span class='ocrx_word' id='word_1_237' title='bbox 820 3924 881 3990; x_wconf 83' lang='lat' dir='ltr'><strong>per</strong></span> <span class='ocrx_word' id='word_1_238' title='bbox 909 3900 1087 3972; x_wconf 84' lang='lat' dir='ltr'><strong>universos,</strong></span> 
     </span>
    </p>
   </div>
   <div class='ocr_carea' id='block_1_12' title="bbox 158 4001 850 4088">
    <p class='ocr_par' dir='ltr' id='par_1_15' title="bbox 158 4001 850 4088">
     <span class='ocr_line' id='line_1_39' title="bbox 158 4001 850 4088; baseline -0.001 1"><span class='ocrx_word' id='word_1_239' title='bbox 158 4002 205 4073; x_wconf 89' lang='lat' dir='ltr'><strong>l1·</strong></span> <span class='ocrx_word' id='word_1_240' title='bbox 814 4001 850 4088; x_wconf 88' lang='lat' dir='ltr'><strong>Q</strong></span> 
     </span>
    </p>
   </div>
   <div class='ocr_carea' id='block_1_13' title="bbox 0 0 1280 4522">
    <p class='ocr_par' dir='ltr' id='par_1_16' title="bbox 0 0 1280 4522">
     <span class='ocr_line' id='line_1_40' title="bbox 0 0 1280 4522; baseline 0 0"><span class='ocrx_word' id='word_1_241' title='bbox 0 0 1280 4522; x_wconf 95' lang='lat' dir='ltr'><strong> </strong></span> 
     </span>
    </p>
   </div>
  </div>
 </body>
</html>
