2528 4522
455 312 460 321 -
494 269 600 342 Bulla
622 270 834 344 indictionis.
860 352 864 357 ,
907 342 928 367 ,,
1115 286 1140 362 5

126 455 164 516 ab
186 451 325 532 itinere,
350 464 383 518 et
403 454 535 536 negotio
558 454 647 543 pacis
668 457 807 535 reverti,
840 455 949 522 omnia
969 448 1139 525 accuratius

126 540 268 620 dirigere
302 539 476 625 poliemus.
534 538 671 606 Interim
709 564 786 605 vero
816 542 851 606 in
885 545 969 615 illud
999 550 1139 610 lauctum

127 647 227 710 opus,
259 627 466 713 maximeque
489 627 717 705 necesarium,
744 628 963 693 tractationem
989 630 1141 695 videlicet

126 713 215 796 pacis
244 711 331 774 inter
358 710 801 799 principemtncubuimuu'
828 725 861 777 et
890 716 1017 800 quidem
1050 719 1140 781 omni

124 796 228 860 animi
252 798 368 880 studio,
398 799 488 860 omni
511 801 654 885 pietate,
686 822 721 862 ac
743 796 924 887 diligentia.
961 788 1140 877 .,Tellis'est

123 885 222 944 nobis
242 881 348 960 Deus,
369 885 456 968 cujus
476 879 553 947 freti
573 886 741 949 clementia
762 887 1138 971 nosmetipsositiueris,

123 979 157 1030 et
176 969 264 1032 vitae
284 969 430 1055 periculo
452 971 670 1055 exposuimus.
729 971 837 1035 Notlra
865 973 950 1034 teltis
971 974 1140 1037 conscien-

121 1054 194 1131 tia,
225 1075 304 1140 quae
322 1055 411 1118 nihil
431 1054 582 1120 habetin
609 1058 725 1121 hacre
747 1058 895 1144 quidem,
931 1058 967 1120 in
999 1081 1061 1145 quo
1077 1079 1138 1121 nos

121 1152 237 1220 arguat
256 1150 312 1221 aut
331 1140 591 1225 praetermiil'ae,
624 1155 678 1217 aut
699 1165 772 1217 ,non
793 1144 956 1231 quaefitae,
966 1143 1005 1219 ad
1026 1144 1140 1228 pacifi-

120 1225 263 1288 candum
293 1226 474 1291 oocafionis.
536 1227 703 1314 Principes
727 1229 788 1314 ipli
817 1228 923 1306 testes,
958 1249 1040 1316 quos
1074 1239 1139 1292 tam

119 1314 238 1395 saepe,
271 1322 397 1397 tamque
429 1313 640 1376 vehementer
672 1315 817 1392 nuntiis,
848 1315 982 1397 littoris,
1008 1315 1140 1394 legatis,

119 1397 284 1479 monitis,
308 1398 472 1478 chortato,
491 1389 894 1485 'precibusque-,omnibus
916 1403 1140 1474 ‘obsecravera-
1196 1466 1199 1471 ,

120 1501 216 1559 mus,
248 1493 285 1545 ut
306 1483 482 1562 fimultates
509 1485 724 1571 deponerent,
757 1496 792 1548 ut
812 1481 841 1566 ‚⁶)
863 1487 1048 1549 societatem
1069 1484 1140 1549 coi-

119 1579 217 1644 rent,
247 1578 282 1631 ut
302 1565 644 1656 Christianaereipub.
672 1572 709 1647 in
729 1571 916 1648 maximum,
949 1583 983 1635 et
1000 1572 1140 1657 propin-

120 1675 223 1738 quum
246 1654 309 1737 jam
326 1654 479 1721 adductae
497 1655 689 1736 discrimen,
716 1658 939 1733 communibus
959 1656 1084 1733 studiis,
1108 1666 1142 1719 et

119 1739 269 1802 l'ubfidiis
291 1741 539 1825 opitularentur.
590 1742 663 1819 Jam
679 1763 768 1823 *ivero
794 1742 883 1818 testes
903 1744 982 1805 illae
1005 1741 1139 1822 vigiliae
1213 1795 1219 1813 ,

120 1835 219 1910 atque
241 1846 350 1903 curae,
378 1827 434 1890 illi
455 1827 581 1905 diurni,
613 1829 828 1915 nocturnique
849 1828 951 1892 animi
969 1828 1067 1890 nottri
1088 1828 1140 1887 le·

120 1912 237 1986 bores,
268 1931 448 1999 gravesque
480 1913 715 1992 solicitudines,
743 1935 825 2000 -quas
855 1916 896 1977 ob
915 1915 997 1975 hanc
1017 1933 1086 1974 rem
1107 1922 1140 1973 et

121 2000 249 2059 causam
268 1997 425 2082 plurimas
445 1999 507 2081 jam
528 2001 742 2085 suscepimus:
774 2020 835 2067 nec
855 2011 964 2061 tamen
984 1997 1023 2059 ad
1046 2007 1141 2081 opta-

119 2093 194 2144 tum
223 2085 348 2145 exitum
376 2083 480 2146 nostra
506 2086 655 2161 confilia,
674 2096 728 2148 -··et
760 2098 828 2148 acta
856 2085 959 2147 adhuc
987 2079 1140 2168 perducta

118 2171 208 2232 lunt.
263 2164 313 2230 Ita
334 2169 423 2233 euim
444 2169 550 2232 visum
569 2169 713 2233 Domino
733 2168 805 2232 Deo
827 2172 885 2234 est:
940 2190 1013 2231 uem
1035 2183 1143 2228 tamen

118 2275 192 2317 non
225 2251 430 2337 desperemus
455 2254 628 2338 aliquando
662 2266 772 2338 optata
795 2191 948 2334 nostrail
970 2251 1142 2330 benignius

118 2337 354 2421 respecturum.
396 2337 462 2421 lptt
483 2337 623 2420 quidem,
637 2349 801 2420 ‚quantum
822 2338 858 2398 i'n
878 2337 972 2399 nobis
993 2331 1067 2412 fuit,
1089 2335 1144 2397 ni-

118 2422 197 2500 hil,
221 2420 305 2508 quod
327 2418 405 2484 ell'et
424 2418 530 2482 nostro
550 2419 699 2504 pastorali
720 2417 827 2481 officio
848 2418 1061 2497 debitum,·in
1083 2420 1142 2483 hac

121 2532 160 2573 re
180 2508 355 2572 omifimus.
419 2500 519 2587 Quod
550 2504 654 2590 liqui
674 2508 769 2584 lunt,
803 2505 858 2591 qui
887 2507 1029 2568 actiones
1050 2505 1139 2591 pacis

121 2593 243 2659 nollras
265 2594 300 2655 in
324 2591 425 2655 aliam
446 2591 702 2675 interpretentur
721 2600 865 2675 partern3
896 2591 1043 2654 dolemus
1065 2591 1141 2677 qui-

123 2679 198 2743 dem
213 2728 223 2758 ,
255 2677 307 2741 led
340 2688 448 2749 tamen
477 2674 514 2737 in
536 2675 650 2751 dolore
672 2677 776 2749 nostro
797 2677 916 2757 gratias
938 2675 1009 2743 Deo
1031 2676 1142 2741 omni-

123 2765 253 2850 potenti
273 2763 415 2844 aghnus,
448 2760 505 2847 qui
527 2758 567 2822 ad
588 2762 795 2847 exemplum,
828 2773 861 2824 et
882 2763 1058 2827 doctrinam
1080 2783 1141 2846 pa-

123 2850 259 2913 tientiae
285 2849 503 2929 nostra-eluet
516 2839 541 2923 f)
556 2844 855 2932 voluit‘Apoilolos
882 2848 995 2911 haberi
1016 2846 1142 2928 dignos,

124 2937 181 3023 qui
216 2957 276 3020 pro
312 2934 446 2997 nomine
477 2929 571 3009 iesu,
615 2931 672 3018 qui
705 2954 771 3018 pax
802 2933 904 2996 nostra
938 2934 996 3010 et,
1025 2942 1142 2995 contu-

123 3022 257 3085 meliam
277 3028 485 3105 paterentur.v
527 3016 654 3098 Verum
682 3015 718 3081 in
739 3019 799 3081 illo
819 3017 1005 3098 congrelsu,
1037 3018 1143 3093 collo·

125 3109 267 3194 quicque
288 3105 412 3180 nostro,
468 3101 529 3167 uod
551 3101 685 3165 Nicaeae
706 3103 852 3177 habitum
874 3104 933 3178 est,
962 3103 1037 3182 etii,
1062 3123 1142 3187 pec-

125 3195 206 3256 catis
227 3188 340 3253 nostris
361 3125 629 3274 impedientibus,
651 3189 744 3269 inter¹
767 3187 849 3252 duos
869 3188 1141 3274 principesvera,

124 3288 166 3361 et
190 3286 344 3364 perpetua
373 3296 440 3360 pax
467 3295 535 3337 non
561 3275 670 3360 potuit
696 3276 832 3351 confici,
864 3272 1011 3337 induciae
1033 3283 1141 3352 tamen

125 3364 317 3427 decennales
338 3356 440 3423 sactae
459 3364 554 3423 lunt:
575 3381 709 3446 quarum
722 3361 964 3446 opportunitate
985 3381 1046 3422 nos
1067 3363 1143 3442 spe·

124 3461 237 3512 rantes
259 3459 291 3525 et
312 3451 433 3511 lacrum
457 3445 630 3519 concilium
651 3446 852 3523 commodius
872 3447 1072 3522 celebratum¹
1088 3444 1142 3519 iri,

126 3547 164 3600 et
185 3534 301 3597 deinde
333 3555 377 3597 ex
405 3530 539 3595 concilii
558 3534 747 3599 auctoritate
768 3531 880 3617 perfici
900 3529 989 3616 polle
1012 3544 1144 3616 pacem3

126 3619 215 3708 apud
238 3617 612 3717 principestriiitimum
643 3621 680 3680 ut
700 3629 734 3682 et
753 3618 814 3702 ipfi
831 3619 981 3682 venirent
1002 3615 1040 3678 ad
1064 3637 1143 3678 con-

166 3871 198 3938 6)
219 3868 310 3923 Hand.
328 3867 391 3925 odd.
408 3873 447 3926 in.
464 3899 502 3913 -
535 3870 568 3937 7)
588 3867 658 3923 Ead.
682 3885 732 3922 om.
751 3863 848 3922 nostra.

167 3979 193 4048 l)
210 3978 273 4036 Act.
294 3983 328 4043 5,
345 3993 383 4035 rt.
