2528 4522
290 253 490 327 Decretum
518 254 782 348 prorogationis
807 250 973 326 sessionis.
1088 267 1137 336 47

123 434 295 501 Bononiae
315 439 351 500 in
373 438 496 523 Spiritu
517 437 623 500 sarrcto
642 438 788 518 legitime
810 450 1020 519 corrgregato,
1042 462 1136 526 prae·

121 523 298 585 fidentibus
324 525 360 585 in
388 547 424 585 ea
454 527 585 587 rrornine
615 522 797 586 sarrctil'simi
819 524 854 584 in
876 523 1002 586 Christo
1026 530 1135 610 patris,

122 620 158 670 et
187 609 316 671 domini
346 610 461 685 nostri,
492 610 618 671 domini
645 607 758 683 Pauli,
790 607 902 671 divina
933 612 1138 693 providentia

121 715 225 778 papae
247 693 329 770 ΙΙΙ.,
361 694 481 756 eisdem
504 693 772 757 reverendissimis
793 694 956 770 dominis,
982 694 1022 757 D.
1043 696 1136 760 loan.

121 777 227 840 'illaria
256 780 296 841 de
323 777 453 854 Monte,
487 783 636 865 episcopo
663 779 881 856 Praenestino,
920 793 952 842 et
981 781 1135 844 Marcello

123 865 177 926 tit.
204 864 236 926 S.
260 863 368 927 Crucis
390 867 425 928 in
446 864 647 929 Hierusalem
668 868 869 951 presbytero,
891 864 923 928 S.
947 864 987 929 R.
1006 866 1045 931 E.
1067 889 1137 929 car-

120 946 305 1028 dinalibus,
339 961 371 1012 et
392 951 571 1036 apostolicis
592 951 631 1013 de
651 952 750 1014 latere
769 951 904 1030 legatis,
935 952 1134 1015 considerans

120 1034 209 1120 quod
233 1036 286 1099 die
308 1035 474 1100 undecima
495 1037 610 1100 rnerrfis
631 1035 762 1110 Martii,
780 1035 955 1121 praesentis
977 1039 1067 1112 armi,
1100 1038 1136 1100 in

120 1123 267 1201 generali
288 1122 413 1204 publica
433 1125 583 1197 sessione,
625 1122 661 1185 in
692 1120 802 1184 eadem
829 1122 961 1184 civitate
985 1121 1137 1184 Tridenti

120 1217 156 1269 et
177 1208 214 1269 in
237 1209 309 1268 loco
331 1213 480 1276 consueto
503 1212 678 1285 celebrata,
714 1208 923 1292 omnibusque
943 1209 1074 1287 agendis
1096 1208 1137 1270 de

119 1312 214 1354 more
236 1293 394 1377 peractis,
423 1316 465 1357 ex
486 1295 581 1356 caulis
612 1305 687 1354 tunc
708 1293 909 1367 instantibus,
939 1295 1136 1372 urgentibus,

120 1388 155 1438 et
185 1376 363 1458 legitimis,
397 1378 635 1441 interveniente
667 1378 763 1439 etiam
796 1379 982 1440 auctoritate
1013 1384 1137 1441 sanctae

119 1462 207 1526 sedis
228 1464 434 1547 apostolicae,
455 1463 577 1526 eisdem
600 1461 866 1525 reverendissimis
887 1463 1136 1546 praesidentibus

90 1607 96 1627 ,
120 1549 221 1610 etiarn
245 1549 428 1634 specialiter
448 1549 598 1624 concessa,
621 1548 776 1624 decrevit,
800 1561 831 1610 et
855 1549 1033 1626 ordinavit,
1057 1543 1138 1611 cori-

120 1634 234 1696 cilium
267 1655 308 1697 ex
342 1655 380 1696 eo
410 1636 482 1697 loco
514 1634 546 1698 in
574 1635 656 1696 hanc
680 1635 845 1697 civitatem
881 1632 1137 1697 transferendum
1192 1680 1195 1689 a

121 1718 205 1793 effe,
224 1718 316 1781 sicuti
338 1720 521 1796 transtulit3
544 1720 684 1806 itemque
704 1722 871 1783 sessionem
894 1742 955 1804 pro
978 1721 1138 1806 praesenti

121 1804 192 1878 die,
217 1807 366 1882 vigesima
387 1807 491 1892 prima
513 1801 659 1890 Aprilis,
681 1806 751 1866 illic
773 1806 944 1884 indictam,
966 1819 1001 1868 ut
1024 1807 1063 1868 de
1087 1810 1101 1869 s
1120 1838 1137 1853 -

121 1904 376 1966 crementorum,
409 1903 442 1953 et
473 1887 717 1954 reformationis
749 1893 912 1968 roolenis,
949 1889 988 1955 de
1024 1893 1137 1978 quibus

121 1975 318 2038 tractandum
332 1980 549 2061 proposuerat,
572 1998 709 2039 canones
719 1978 924 2053 sancirentur,
942 1991 973 2037 et
990 1979 1139 2060 promul-

123 2073 291 2140 garentur3
325 2063 360 2124 in
386 2062 442 2124 lrac
473 2064 542 2147 ipsa
563 2065 695 2151 cipitate
716 2061 884 2124 Bononiae
906 2063 1059 2124 celebrari
1080 2063 1139 2124 de·

122 2147 214 2219 bere:
250 2147 512 2233 consideransque
542 2149 722 2211 nonnullos
754 2168 795 2208 ex
823 2149 984 2230 patribus,
1019 2148 1074 2233 qui
1104 2149 1139 2209 in

125 2231 186 2293 hoc
208 2233 350 2308 concilio
378 2232 527 2294 interesse
549 2237 801 2307 consueverunt,
833 2233 886 2293 his
911 2232 1160 2313 superioribus,

126 2317 256 2399 majoris
279 2316 514 2392 hebdomadae,
536 2330 568 2379 et
590 2318 804 2384 solemnitatis
826 2317 997 2399 paschalis,
1019 2316 1139 2393 diebus,

74 2416 78 2431 ·
124 2400 160 2464 -in
191 2403 338 2487 propriis
372 2404 509 2473 ecclesiis
542 2413 728 2486 occupatos,
760 2401 886 2485 aliquos
913 2402 1029 2482 etiam,
1062 2404 1138 2462 aliis

127 2485 368 2572 impedimentis
396 2487 566 2564 detentos,
603 2487 664 2548 hoo
689 2484 831 2547 nondum
853 2485 1025 2561 accessisse,
1058 2509 1138 2572 qnos

127 2580 230 2636 tannen
266 2573 357 2635 brevi
389 2574 545 2646 affuturos
579 2571 770 2656 sperandum
805 2571 860 2648 est3
899 2594 933 2633 ac
966 2584 1138 2657 propterea

128 2655 242 2721 sactum
264 2656 344 2733 else,
379 2671 413 2720 ut
435 2680 502 2721 non
525 2679 577 2733 ea,
611 2679 706 2743 quarn
728 2661 832 2720 sancta
854 2655 994 2737 synodus
1016 2657 1139 2721 defide-

74 2800 76 2819 ,
129 2738 670 2830 rabat,praelatord1nfrequentia,
693 2744 856 2828 potuerint
880 2744 1031 2806 rnateriee
1051 2743 1138 2828 ipsae

74 2822 77 2841 ¹
131 2831 407 2906 sacramentorum,
430 2840 462 2892 et
475 2826 719 2892 reformationis
738 2822 928 2899 examinari.
950 2840 981 2889 et
1002 2828 1139 2890 discuti:

74 2904 77 2937 ¹
131 2926 159 2973 nt
175 2914 283 2976 cronia
305 2928 430 2976 maturo
454 2913 606 2990 consilio,
629 2936 699 2976 cum
723 2914 898 2995 dignitate,
928 2925 958 2973 et
981 2915 1138 2991 gravitate

134 2996 229 3061 debita
248 2998 344 3075 fiant,
367 3003 503 3076 boumn,
535 3011 776 3084 opportunum,
805 3010 838 3060 et
859 2996 1037 3082 expediens
1060 3021 1138 3062 cen-

88 3100 92 3107 ·
133 3085 208 3161 suit,
243 3088 408 3170 censetque
439 3087 606 3149 sessionem
626 3085 837 3170 praedictam,
895 3103 952 3145 uae
982 3082 1044 3147 huc
1065 3084 1153 3170 ipso'

134 3166 199 3244 die,
232 3181 268 3231 ut
295 3166 489 3254 praefertur,
522 3169 707 3233 celebranda
736 3180 818 3242 erat,
850 3105 891 3231 ad
920 3167 1007 3230 diem
1024 3166 1136 3246 doris,

135 3250 209 3316 infra
222 3267 370 3319 octavam
386 3257 578 3342 pentecostes
594 3257 745 3339 proxime
761 3250 910 3330 suturam,
925 3253 1028 3339 quoad
1049 3256 1135 3341 ipsas

136 3342 275 3402 materies
313 3343 546 3426 expediendas,
577 3341 804 3416 disserendam,
837 3350 880 3400 et
901 3343 1136 3424 prorogandam

139 3423 206 3502 elle,
227 3427 494 3526 quemadmodum
517 3427 640 3505 differt,
673 3448 707 3488 ac
729 3435 900 3510 prorogat:
934 3447 1027 3511 quam
1049 3413 1136 3490 diem

139 3520 166 3571 et
200 3532 248 3575 rer
280 3514 437 3595 gerendae
473 3514 613 3575 maxime
650 3523 883 3596 opportunam,
927 3524 959 3573 st
993 3516 1164 3598 patribus-r

74 3600 77 3663 l
138 3598 312 3678 praesertim
335 3601 514 3661 absentibus
538 3597 813 3683 percommodarn,
835 3595 1008 3678 judicavit,
1031 3611 1064 3661 et
1085 3601 1137 3682 jun,

74 3668 80 3735 '.
140 3680 222 3744 dicut.
264 3682 335 3746 Hoc
359 3697 463 3747 tamen
478 3680 622 3776 adjecto:
645 3682 729 3766 (guod
753 3683 926 3744 terminum
945 3681 1047 3767 ipsum
1070 3683 1135 3767 ipsa

82 3794 90 3833 a
139 3768 230 3829 lancta
250 3767 410 3848 synodus,
430 3791 490 3855 pro
514 3765 584 3860 ejus
604 3768 759 3843 arbitrio,
779 3779 810 3828 et
835 3768 1017 3843 voluntate,
1046 3768 1134 3829 sicuti

140 3854 220 3915 rebus
238 3856 371 3916 ourrcilii
384 3856 546 3939 putaverit
564 3851 729 3938 expedire,
752 3853 849 3929 etiam
861 3854 896 3914 in
918 3855 1043 3936 privata
1057 3873 1137 3913 con-

140 3939 312 4017 gregatione
333 3941 537 4021 restringere,
560 3952 593 4004 et
613 3939 805 4002 imminuere
827 3939 937 4022 possit,
966 3948 999 3998 et
1014 3939 1134 4000 ‚valeat
