2528 4522
242 270 261 282 ”
304 264 499 337 Decretum
525 264 571 335 de
592 256 865 338 reformatione.
902 290 911 343 ..·
966 278 1089 393 >³14³

85 445 347 531 incorporabunt.
403 444 501 530 Quod
522 447 629 509 locum
650 449 780 523 habeat,
804 447 948 511 etiamsi
972 448 1093 511 benesi-

84 531 133 592 cie
151 531 213 594 sint
234 531 406 608 reservata,
435 534 490 595 vel
518 533 646 606 affectae
684 555 743 597 aree
770 555 828 619 per
848 534 1093 612 resignationem

82 616 228 700 ipsorum
248 618 496 692 beneficiorum,
531 616 664 681 uniones
697 631 730 681 et
760 618 990 703 applicationes
1022 623 1093 681 sus-

84 701 203 784 pendi,
236 704 288 764 vel
319 704 386 763 ullo
419 702 514 764 ruodo
536 703 688 787 impediri
712 706 848 789 possint,
881 704 934 767 sed
956 704 1091 773 cumino

82 806 280 872 quacumque
313 787 498 863 vacatione,
531 790 640 850 'etiarn
678 790 702 851 si
733 789 766 850 in
799 788 906 863 curia,
935 789 1091 851 ellectum

80 876 175 934 suum
194 873 383 949 sortiantur,
403 892 596 958 quacumque
617 873 839 936 constitutione
858 896 923 936 non
944 873 1093 935 obliante.

82 953 136 1019 Ad
168 957 251 1018 bane
278 968 383 1020 autern
411 959 595 1042 portionem
623 956 824 1037 solvendam,
856 959 1092 1035 beneficiorum,

81 1039 294 1123 dignitatum,
316 1047 558 1127 personatuum,
590 1055 622 1105 et
643 1045 805 1119 omnium,
830 1053 873 1111 ¹et
894 1045 1091 1122 singulorum

82 1131 178 1209 supra
199 1141 519 1190 commemoratorum
538 1126 739 1212 possessores,
761 1149 828 1191 nun
849 1127 946 1190 modo
967 1149 1026 1212 pro
1047 1133 1090 1204 se,

80 1213 136 1274 sed
159 1233 231 1297 pro·
244 1213 457 1297 pensionibus,
477 1234 555 1298 quas
575 1208 777 1276 aliis-forsan
798 1234 840 1276 ex
861 1213 954 1274 dictis
975 1209 1108 1275 sructi-.

82 1297 142 1359 bue
169 1298 349 1372 solverent,
386 1298 555 1361 retinendo
588 1309 694 1360 tuanen
729 1319 787 1382 pro
820 1309 903 1375 rata,
935 1296 1090 1382 quidquid

83 1380 259 1466 predictis
281 1383 601 1468 pensionibus,ssillis
623 1384 686 1445 erit
710 1381 917 1458 solvendum,
949 1385 988 1444 ab
1017 1382 1091 1468 epi-

81 1471 178 1551 scopo
197 1468 266 1531 ioci
287 1489 346 1552 per
367 1472 511 1530 censuras
532 1468 761 1545 ecclesiasticas,
792 1489 827 1530 ac
855 1469 915 1528 alie
938 1465 1016 1547 juris
1038 1489 1092 1533 re-

81 1552 192 1615 media
210 1545 464 1638 co'mpellentur3
493 1552 590 1614 etiam
612 1565 724 1616 vocato
746 1552 783 1615 ad
805 1553 888 1631 boc,
919 1552 943 1613 si
966 1551 1093 1617 videbi-

82 1648 150 1713 tur,
170 1639 296 1700 auxilio
316 1638 438 1700 brachii
455 1639 641 1700 saecularis:
663 1639 838 1724 quibusvis,
859 1636 960 1724 quoad
983 1633 1096 1705 omnia

81 1733 117 1785 et
135 1723 256 1802 lingula
275 1723 468 1809 supradicta,
489 1724 684 1808 privilegiis,
703 1724 975 1808 exemptionibus,
994 1727 1094 1787 etiam

81 1809 108 1869 fi
137 1809 307 1893 specialem
335 1809 576 1888 derogationem
607 1809 823 1895 requirerent.
855 1807 1092 1883 consuetudine,

82 1893 180 1956 etiam
204 1895 471 1968 immemorabili,
507 1905 540 1956 et
571 1898 684 1980 quavis
716 1895 956 1979 appellatione,
989 1889 1094 1972 ²⁶).ss

80 1978 305 2059 allegatione,
330 1999 409 2064 quae
439 1978 661 2042 executionem
684 1979 860 2065 impediet,
882 2001 948 2041 non
970 1979 1094 2041 obllan·

80 2064 180 2126 tibus.
231 2063 424 2127 Succedente
451 2085 530 2127 vero
557 2069 645 2140 casu,
677 2086 739 2151 quo
770 2084 828 2147 per
851 2066 987 2129 uniones
1008 2064 1093 2127 etie-
1157 2092 1163 2103 «

79 2159 168 2212 ctum
192 2151 289 2212 suum·
305 2150 492 2226 sortientes,
516 2151 569 2212 vel
591 2151 686 2212 aliter
706 2150 910 2211 seminarium
931 2148 1035 2232 ipsum
1057 2150 1094 2210 in

79 2245 206 2309 totum,
228 2235 282 2298 vel
302 2236 339 2297 in
360 2246 483 2320 partem
504 2234 648 2296 dotatum
666 2234 860 2316 reperiamus
890 2244 965 2297 tunc
978 2220 1091 2317 portio

81 2339 128 2382 ex
147 2316 280 2399 siugulis
297 2319 482 2387 beneficiis.
505 2324 671 2403 utsupra,
698 2318 854 2392 detracta,
884 2328 918 2379 et
938 2319 1093 2403 incorpo-

61 2414 152 2467 rate
172 2406 210 2467 ab
230 2405 400 2490 episcopo,
434 2417 530 2488 prout
554 2423 604 2466 res
630 2404 707 2487 ipsa:
726 2403 889 2481 exegerit,
920 2402 955 2463 in
989 2413 1092 2465 totum

80 2490 221 2575 vel-pro
245 2501 335 2576 parte
361 2491 548 2554 rennttatur.
608 2485 757 2570 Quodsi
783 2486 1033 2564 cathedralium„
1058 2498 1091 2551 et

79 2575 393 2658 aliarum-majorum
415 2575 611 2638 ecclesiarum
638 2572 773 2659 praelati
795 2574 833 2636 in
855 2573 911 2633 liac
929 2571 1091 2646 seminarii

79 2661 262 2736 erectione,
298 2661 428 2746 ejusque
453 2659 696 2724 consecratione
727 2658 929 2738 negligentes
960 2655 1090 2733 luerint,

78 2766 118 2809 ac
134 2749 225 2809 suam
244 2748 428 2833 portionem
447 2747 574 2810 solvere
601 2743 848 2808 detrectaverint
858 2761 873 2819 ς
905 2741 1091 2828 episcopum

79 2831 358 2916 acchiepiscopus,
390 2830 663 2914 archiepiscopum
691 2840 726 2892 et·
742 2829 921 2913 superiores
947 2827 1090 2911 synodus

78 2913 835 3065 ttttissllsssf⁰2stt⁶nlslll
851 2912 1092 3061 ‘slssstts

79 3096 115 3149 et
134 3022 346 3172 pium-gepae,
381 3046 567 3171 ubidomque
590 3022 662 3147 sileri
684 3023 821 3170 piterii,
854 3040 1094 3166 promoveatur:

81 3171 217 3234 liudiose
230 3172 361 3234 curabit.
384 3214 387 3221 ·
404 3169 559 3234 Rationes
579 3181 685 3232 autem
717 3168 896 3231 reddituum
929 3167 1021 3247 hujus
1038 3171 1093 3229 'se-

80 3257 216 3322 minarii
237 3257 405 3342 episcopus
425 3256 519 3318 anesis
539 3257 672 3335 singulis
691 3255 842 3338 accipiat,
877 3251 1092 3336 praesentibus

51 3372 55 3393 ι
79 3342 232 3405 dnobuea
245 3343 396 3425 capitulo,
417 3352 449 3402 et
470 3339 609 3404 totidem
630 3336 1093 3420 aclero·civitatisdeputatis.

146 3431 171 3505 t)
183 3424 318 3501 Deinde,
342 3437 375 3488 ut
396 3447 468 3489 cum
489 3425 610 3488 minori
632 3425 775 3508 impensa
797 3423 979 3504 hujusmodi
996 3424 1093 3493 selio-

79 3511 125 3574 lie
148 3511 348 3574 instituendis
371 3509 601 3594 provideatur3
634 3510 737 3570 [latuit
764 3506 1036 3586 sanctasynodus,
1059 3518 1092 3569 ut

78 3597 241 3685 episcopi,
260 3596 510 3681 archiepiscopi,
532 3596 703 3682 primates,
732 3605 765 3655 et
788 3593 845 3655 alii
866 3592 1012 3656 locorum
1035 3613 1092 3651 οι·-

115 3823 167 3892 26)
185 3821 352 3878 subibitioue
370 3821 434 3878 add.
453 3822 547 3880 Bria..
567 3819 657 3878 Viris,
674 3818 767 3872 alem.

114 3943 137 4009 t)
155 3941 224 3998 Seli.
242 3946 277 3998 V.
295 3943 329 3997 de
348 3941 460 3998 reform.
480 3959 503 4001 c.
522 3953 548 4003 1.
