<?xml version="1.0" encoding="UTF-8"?>
<!DOCTYPE html PUBLIC "-//W3C//DTD XHTML 1.0 Transitional//EN"
    "http://www.w3.org/TR/xhtml1/DTD/xhtml1-transitional.dtd">
<html xmlns="http://www.w3.org/1999/xhtml" xml:lang="en" lang="en">
 <head>
  <title>
</title>
<meta http-equiv="Content-Type" content="text/html;charset=utf-8" />
  <meta name='ocr-system' content='tesseract 3.04.00' />
  <meta name='ocr-capabilities' content='ocr_page ocr_carea ocr_par ocr_line ocrx_word'/>
</head>
<body>
  <div class='ocr_page' id='page_1' title='image "./librisymbolicie00stregoog/librisymbolicie00stregoog_0116.png"; bbox 0 0 2528 4522; ppageno 0'>
   <div class='ocr_carea' id='block_1_1' title="bbox 96 212 1106 326">
    <p class='ocr_par' dir='ltr' id='par_1_1' title="bbox 96 212 1106 326">
     <span class='ocr_line' id='line_1_1' title="bbox 96 212 1106 326; baseline 0.033 -32"><span class='ocrx_word' id='word_1_1' title='bbox 96 252 100 259; x_wconf 94' lang='lat'>·</span> <span class='ocrx_word' id='word_1_2' title='bbox 134 212 137 217; x_wconf 38' lang='lat'>⁵</span> <span class='ocrx_word' id='word_1_3' title='bbox 195 237 288 316; x_wconf 69' lang='lat' dir='ltr'>salv.</span> <span class='ocrx_word' id='word_1_4' title='bbox 313 239 480 309; x_wconf 82' lang='lat' dir='ltr'><strong>conduct.</strong></span> <span class='ocrx_word' id='word_1_5' title='bbox 505 234 655 307; x_wconf 83' lang='lat' dir='ltr'>cancell.</span> <span class='ocrx_word' id='word_1_6' title='bbox 682 235 857 308; x_wconf 79' lang='lat' dir='ltr'><strong>German.</strong></span> <span class='ocrx_word' id='word_1_7' title='bbox 874 246 958 325; x_wconf 73' lang='lat' dir='ltr'>pet.</span> <span class='ocrx_word' id='word_1_8' title='bbox 1030 252 1106 326; x_wconf 81' lang='lat'>105</span> 
     </span>
    </p>
   </div>
   <div class='ocr_carea' id='block_1_2' title="bbox 246 431 881 609">
    <p class='ocr_par' dir='ltr' id='par_1_2' title="bbox 246 431 881 609">
     <span class='ocr_line' id='line_1_2' title="bbox 246 431 881 520; baseline 0.008 -24"><span class='ocrx_word' id='word_1_9' title='bbox 246 472 250 479; x_wconf 93' lang='lat'>-</span> <span class='ocrx_word' id='word_1_10' title='bbox 358 442 388 520; x_wconf 75' lang='lat'>²)</span> <span class='ocrx_word' id='word_1_11' title='bbox 401 432 573 502; x_wconf 78' lang='lat' dir='ltr'>sALths</span> <span class='ocrx_word' id='word_1_12' title='bbox 592 431 847 500; x_wconf 83' lang='lat' dir='ltr'><strong>CONDUGTUS</strong></span> <span class='ocrx_word' id='word_1_13' title='bbox 878 444 881 451; x_wconf 83' lang='grc'>’</span> 
     </span>
     <span class='ocr_line' id='line_1_3' title="bbox 510 566 685 609; baseline 0.006 0"><span class='ocrx_word' id='word_1_14' title='bbox 510 566 685 609; x_wconf 80' lang='lat' dir='ltr'>concussus</span> 
     </span>
    </p>
   </div>
   <div class='ocr_carea' id='block_1_3' title="bbox 290 618 939 752">
    <p class='ocr_par' dir='ltr' id='par_1_3' title="bbox 290 618 939 752">
     <span class='ocr_line' id='line_1_4' title="bbox 290 618 939 752; baseline 0.005 -34"><span class='ocrx_word' id='word_1_15' title='bbox 290 618 646 752; x_wconf 72' lang='lat' dir='ltr'>nannanrcau</span> <span class='ocrx_word' id='word_1_16' title='bbox 672 652 907 731; x_wconf 71' lang='lat' dir='ltr'>ululant</span> <span class='ocrx_word' id='word_1_17' title='bbox 936 640 939 645; x_wconf 87' lang='grc'><strong>’</strong></span> 
     </span>
    </p>
   </div>
   <div class='ocr_carea' id='block_1_4' title="bbox 160 819 1034 975">
    <p class='ocr_par' dir='ltr' id='par_1_4' title="bbox 160 819 1034 975">
     <span class='ocr_line' id='line_1_5' title="bbox 160 819 1034 975; baseline 0.005 -89"><span class='ocrx_word' id='word_1_18' title='bbox 160 819 202 887; x_wconf 82' lang='lat' dir='ltr'>in</span> <span class='ocrx_word' id='word_1_19' title='bbox 222 821 767 975; x_wconf 52' lang='lat' dir='ltr'>⁶⁰ngr⁰gati⁰niufii⁹ffii1di⁶</span> <span class='ocrx_word' id='word_1_20' title='bbox 788 821 815 888; x_wconf 93' lang='lat' dir='ltr'><strong><em>I</em></strong></span> <span class='ocrx_word' id='word_1_21' title='bbox 814 820 853 891; x_wconf 91' lang='lat' dir='ltr'><em>V</em></span> <span class='ocrx_word' id='word_1_22' title='bbox 851 867 861 887; x_wconf 86' lang='lat'><strong>·</strong></span> <span class='ocrx_word' id='word_1_23' title='bbox 881 822 1034 907; x_wconf 80' lang='lat' dir='ltr'>Martii,</span> 
     </span>
    </p>
   </div>
   <div class='ocr_carea' id='block_1_5' title="bbox 88 1018 1111 1451">
    <p class='ocr_par' dir='ltr' id='par_1_5' title="bbox 88 1018 1111 1451">
     <span class='ocr_line' id='line_1_6' title="bbox 156 1018 1110 1104; baseline 0.006 -19"><span class='ocrx_word' id='word_1_24' title='bbox 156 1018 359 1087; x_wconf 79' lang='lat' dir='ltr'>sacrosancta</span> <span class='ocrx_word' id='word_1_25' title='bbox 388 1025 613 1101; x_wconf 88' lang='lat' dir='ltr'>oecumenica,</span> <span class='ocrx_word' id='word_1_26' title='bbox 652 1033 686 1086; x_wconf 87' lang='lat' dir='ltr'>et</span> <span class='ocrx_word' id='word_1_27' title='bbox 720 1025 880 1104; x_wconf 82' lang='lat' dir='ltr'>generalis</span> <span class='ocrx_word' id='word_1_28' title='bbox 916 1024 1110 1092; x_wconf 68' lang='lat' dir='ltr'>Tridentino</span> 
     </span>
     <span class='ocr_line' id='line_1_7' title="bbox 88 1106 1109 1200; baseline 0.009 -32"><span class='ocrx_word' id='word_1_29' title='bbox 88 1106 250 1186; x_wconf 79' lang='lat' dir='ltr'>synodus,</span> <span class='ocrx_word' id='word_1_30' title='bbox 270 1111 306 1173; x_wconf 92' lang='lat' dir='ltr'>in</span> <span class='ocrx_word' id='word_1_31' title='bbox 328 1109 452 1195; x_wconf 79' lang='lat' dir='ltr'>Spiritu</span> <span class='ocrx_word' id='word_1_32' title='bbox 474 1114 580 1174; x_wconf 90' lang='lat' dir='ltr'>sancto</span> <span class='ocrx_word' id='word_1_33' title='bbox 602 1109 749 1189; x_wconf 83' lang='lat' dir='ltr'>legitime</span> <span class='ocrx_word' id='word_1_34' title='bbox 772 1124 981 1192; x_wconf 84' lang='lat' dir='ltr'>congregata,</span> <span class='ocrx_word' id='word_1_35' title='bbox 1013 1116 1109 1200; x_wconf 70' lang='lat' dir='ltr'>prae-</span> 
     </span>
     <span class='ocr_line' id='line_1_8' title="bbox 89 1190 1111 1280; baseline 0.008 -27"><span class='ocrx_word' id='word_1_36' title='bbox 89 1190 266 1256; x_wconf 84' lang='lat' dir='ltr'>fidentibus</span> <span class='ocrx_word' id='word_1_37' title='bbox 284 1195 321 1258; x_wconf 89' lang='lat' dir='ltr'>in</span> <span class='ocrx_word' id='word_1_38' title='bbox 342 1216 377 1257; x_wconf 90' lang='lat' dir='ltr'>ea</span> <span class='ocrx_word' id='word_1_39' title='bbox 404 1194 532 1259; x_wconf 82' lang='lat' dir='ltr'>eisdem</span> <span class='ocrx_word' id='word_1_40' title='bbox 549 1195 738 1280; x_wconf 76' lang='lat' dir='ltr'>apostolicae</span> <span class='ocrx_word' id='word_1_41' title='bbox 765 1196 849 1258; x_wconf 86' lang='lat' dir='ltr'>sedis</span> <span class='ocrx_word' id='word_1_42' title='bbox 869 1197 1002 1277; x_wconf 84' lang='lat' dir='ltr'>legatis,</span> <span class='ocrx_word' id='word_1_43' title='bbox 1033 1201 1111 1263; x_wconf 87' lang='lat' dir='ltr'>uni·</span> 
     </span>
     <span class='ocr_line' id='line_1_9' title="bbox 91 1277 1109 1367; baseline 0.007 -28"><span class='ocrx_word' id='word_1_44' title='bbox 91 1279 194 1341; x_wconf 78' lang='lat' dir='ltr'>varlis</span> <span class='ocrx_word' id='word_1_45' title='bbox 213 1279 311 1342; x_wconf 85' lang='lat' dir='ltr'>fidem</span> <span class='ocrx_word' id='word_1_46' title='bbox 333 1277 428 1359; x_wconf 83' lang='lat' dir='ltr'>facit,</span> <span class='ocrx_word' id='word_1_47' title='bbox 448 1280 534 1367; x_wconf 88' lang='lat' dir='ltr'>quod</span> <span class='ocrx_word' id='word_1_48' title='bbox 551 1282 719 1359; x_wconf 83' lang='lat' dir='ltr'>omnibus,</span> <span class='ocrx_word' id='word_1_49' title='bbox 752 1292 786 1342; x_wconf 89' lang='lat' dir='ltr'>et</span> <span class='ocrx_word' id='word_1_50' title='bbox 807 1282 939 1362; x_wconf 83' lang='lat' dir='ltr'>lingulis</span> <span class='ocrx_word' id='word_1_51' title='bbox 960 1283 1109 1347; x_wconf 85' lang='lat' dir='ltr'>sacerdo-</span> 
     </span>
     <span class='ocr_line' id='line_1_10' title="bbox 90 1363 1110 1451; baseline 0.008 -27"><span class='ocrx_word' id='word_1_52' title='bbox 90 1363 199 1441; x_wconf 85' lang='lat' dir='ltr'>tibns,</span> <span class='ocrx_word' id='word_1_53' title='bbox 219 1366 423 1438; x_wconf 74' lang='lat' dir='ltr'>electoribus,</span> <span class='ocrx_word' id='word_1_54' title='bbox 443 1366 664 1451; x_wconf 84' lang='lat' dir='ltr'>principibus,</span> <span class='ocrx_word' id='word_1_55' title='bbox 687 1364 836 1444; x_wconf 84' lang='lat' dir='ltr'>du&#39;cibus,</span> <span class='ocrx_word' id='word_1_56' title='bbox 858 1369 1110 1448; x_wconf 72' lang='lat' dir='ltr'>marchionibus,</span> 
     </span>
    </p>
   </div>
   <div class='ocr_carea' id='block_1_6' title="bbox 90 1449 1251 1539">
    <p class='ocr_par' dir='ltr' id='par_1_6' title="bbox 90 1449 1251 1539">
     <span class='ocr_line' id='line_1_11' title="bbox 90 1449 1251 1539; baseline 0.011 -28"><span class='ocrx_word' id='word_1_57' title='bbox 90 1449 283 1527; x_wconf 74' lang='lat' dir='ltr'>comitibus,</span> <span class='ocrx_word' id='word_1_58' title='bbox 306 1452 495 1528; x_wconf 77' lang='lat' dir='ltr'>baronibus,</span> <span class='ocrx_word' id='word_1_59' title='bbox 517 1451 696 1528; x_wconf 84' lang='lat' dir='ltr'>nobilibus,</span> <span class='ocrx_word' id='word_1_60' title='bbox 725 1453 940 1531; x_wconf 85' lang='lat' dir='ltr'>militaribus,</span> <span class='ocrx_word' id='word_1_61' title='bbox 968 1456 1111 1539; x_wconf 87' lang='lat' dir='ltr'>popula·</span> <span class='ocrx_word' id='word_1_62' title='bbox 1182 1528 1187 1535; x_wconf 65' lang='grc'>,</span> <span class='ocrx_word' id='word_1_63' title='bbox 1247 1512 1251 1524; x_wconf 95' lang='grc'>.</span> 
     </span>
    </p>
   </div>
   <div class='ocr_carea' id='block_1_7' title="bbox 89 1534 1153 2304">
    <p class='ocr_par' dir='ltr' id='par_1_7' title="bbox 89 1534 1153 2304">
     <span class='ocr_line' id='line_1_12' title="bbox 89 1534 1110 1626; baseline 0.007 -31"><span class='ocrx_word' id='word_1_64' title='bbox 89 1534 193 1610; x_wconf 88' lang='lat' dir='ltr'>ribus,</span> <span class='ocrx_word' id='word_1_65' title='bbox 212 1546 246 1598; x_wconf 88' lang='lat' dir='ltr'>et</span> <span class='ocrx_word' id='word_1_66' title='bbox 267 1537 343 1597; x_wconf 84' lang='lat' dir='ltr'>aliis</span> <span class='ocrx_word' id='word_1_67' title='bbox 363 1538 614 1621; x_wconf 84' lang='lat' dir='ltr'>quibuscumque</span> <span class='ocrx_word' id='word_1_68' title='bbox 634 1537 737 1610; x_wconf 85' lang='lat' dir='ltr'>viris,</span> <span class='ocrx_word' id='word_1_69' title='bbox 761 1539 983 1626; x_wconf 80' lang='lat' dir='ltr'>cujuscumque</span> <span class='ocrx_word' id='word_1_70' title='bbox 1004 1539 1110 1613; x_wconf 85' lang='lat' dir='ltr'>flatus,</span> 
     </span>
     <span class='ocr_line' id='line_1_13' title="bbox 90 1621 1111 1710; baseline 0.007 -28"><span class='ocrx_word' id='word_1_71' title='bbox 90 1630 127 1682; x_wconf 83' lang='lat' dir='ltr'>at</span> <span class='ocrx_word' id='word_1_72' title='bbox 147 1621 349 1683; x_wconf 67' lang='lat' dir='ltr'>conditionis⁴</span> <span class='ocrx_word' id='word_1_73' title='bbox 366 1632 421 1683; x_wconf 88' lang='lat' dir='ltr'>aut</span> <span class='ocrx_word' id='word_1_74' title='bbox 443 1623 605 1707; x_wconf 76' lang='lat' dir='ltr'>qualitatis</span> <span class='ocrx_word' id='word_1_75' title='bbox 629 1622 782 1701; x_wconf 82' lang='lat' dir='ltr'>exiliant,</span> <span class='ocrx_word' id='word_1_76' title='bbox 800 1621 1007 1688; x_wconf 73' lang='lat' dir='ltr'>Germanicae</span> <span class='ocrx_word' id='word_1_77' title='bbox 1030 1646 1111 1710; x_wconf 91' lang='lat' dir='ltr'>pro-</span> 
     </span>
     <span class='ocr_line' id='line_1_14' title="bbox 91 1705 1111 1793; baseline 0.008 -27"><span class='ocrx_word' id='word_1_78' title='bbox 91 1705 237 1782; x_wconf 78' lang='lat' dir='ltr'>vinciae,</span> <span class='ocrx_word' id='word_1_79' title='bbox 270 1717 304 1768; x_wconf 88' lang='lat' dir='ltr'>et</span> <span class='ocrx_word' id='word_1_80' title='bbox 330 1707 494 1783; x_wconf 86' lang='lat' dir='ltr'>nationis,</span> <span class='ocrx_word' id='word_1_81' title='bbox 528 1709 730 1783; x_wconf 88' lang='lat' dir='ltr'>civitatibus,</span> <span class='ocrx_word' id='word_1_82' title='bbox 764 1719 798 1771; x_wconf 92' lang='lat' dir='ltr'>et</span> <span class='ocrx_word' id='word_1_83' title='bbox 827 1711 902 1772; x_wconf 90' lang='lat' dir='ltr'>aliis</span> <span class='ocrx_word' id='word_1_84' title='bbox 923 1711 1005 1773; x_wconf 92' lang='lat' dir='ltr'>locis</span> <span class='ocrx_word' id='word_1_85' title='bbox 1026 1712 1111 1793; x_wconf 82' lang='lat' dir='ltr'>ejus·</span> 
     </span>
     <span class='ocr_line' id='line_1_15' title="bbox 90 1790 1110 1875; baseline 0.005 -22"><span class='ocrx_word' id='word_1_86' title='bbox 90 1790 187 1865; x_wconf 86' lang='lat' dir='ltr'>dam,</span> <span class='ocrx_word' id='word_1_87' title='bbox 217 1801 252 1853; x_wconf 86' lang='lat' dir='ltr'>et</span> <span class='ocrx_word' id='word_1_88' title='bbox 284 1794 433 1855; x_wconf 86' lang='lat' dir='ltr'>omnibus</span> <span class='ocrx_word' id='word_1_89' title='bbox 464 1792 540 1855; x_wconf 85' lang='lat' dir='ltr'>aliia</span> <span class='ocrx_word' id='word_1_90' title='bbox 569 1792 797 1872; x_wconf 77' lang='lat' dir='ltr'>ecclesiasticis,</span> <span class='ocrx_word' id='word_1_91' title='bbox 829 1805 862 1857; x_wconf 86' lang='lat' dir='ltr'>et</span> <span class='ocrx_word' id='word_1_92' title='bbox 889 1795 1110 1875; x_wconf 81' lang='lat' dir='ltr'>saecularibus,</span> 
     </span>
     <span class='ocr_line' id='line_1_16' title="bbox 90 1874 1111 1966; baseline 0.007 -28"><span class='ocrx_word' id='word_1_93' title='bbox 90 1877 279 1961; x_wconf 87' lang='lat' dir='ltr'>praesertim</span> <span class='ocrx_word' id='word_1_94' title='bbox 300 1874 497 1958; x_wconf 82' lang='lat' dir='ltr'>Angustanae</span> <span class='ocrx_word' id='word_1_95' title='bbox 518 1874 725 1943; x_wconf 85' lang='lat' dir='ltr'>confessionis</span> <span class='ocrx_word' id='word_1_96' title='bbox 752 1880 916 1963; x_wconf 86' lang='lat' dir='ltr'>personia,</span> <span class='ocrx_word' id='word_1_97' title='bbox 948 1881 1023 1966; x_wconf 90' lang='lat' dir='ltr'>qui,</span> <span class='ocrx_word' id='word_1_98' title='bbox 1055 1894 1111 1945; x_wconf 90' lang='lat' dir='ltr'>aut</span> 
     </span>
     <span class='ocr_line' id='line_1_17' title="bbox 90 1963 1111 2048; baseline 0.008 -25"><span class='ocrx_word' id='word_1_99' title='bbox 90 1981 175 2048; x_wconf 85' lang='lat' dir='ltr'>quaa</span> <span class='ocrx_word' id='word_1_100' title='bbox 196 1982 258 2024; x_wconf 90' lang='lat' dir='ltr'>una</span> <span class='ocrx_word' id='word_1_101' title='bbox 280 1984 351 2025; x_wconf 85' lang='lat' dir='ltr'>cum</span> <span class='ocrx_word' id='word_1_102' title='bbox 373 1965 449 2048; x_wconf 85' lang='lat' dir='ltr'>ipsis</span> <span class='ocrx_word' id='word_1_103' title='bbox 472 1963 510 2025; x_wconf 92' lang='lat' dir='ltr'>ad</span> <span class='ocrx_word' id='word_1_104' title='bbox 534 1965 596 2025; x_wconf 91' lang='lat' dir='ltr'>hoc</span> <span class='ocrx_word' id='word_1_105' title='bbox 617 1965 766 2045; x_wconf 84' lang='lat' dir='ltr'>generale</span> <span class='ocrx_word' id='word_1_106' title='bbox 779 1963 1009 2029; x_wconf 86' lang='lat' dir='ltr'>Tridentinum</span> <span class='ocrx_word' id='word_1_107' title='bbox 1029 1988 1111 2031; x_wconf 89' lang='lat' dir='ltr'>con-</span> 
     </span>
     <span class='ocr_line' id='line_1_18' title="bbox 89 2044 1153 2135; baseline 0.006 -26"><span class='ocrx_word' id='word_1_108' title='bbox 89 2048 206 2111; x_wconf 88' lang='lat' dir='ltr'>cilium</span> <span class='ocrx_word' id='word_1_109' title='bbox 227 2044 379 2126; x_wconf 74' lang='lat' dir='ltr'>venient,</span> <span class='ocrx_word' id='word_1_110' title='bbox 401 2060 454 2110; x_wconf 89' lang='lat' dir='ltr'>aut</span> <span class='ocrx_word' id='word_1_111' title='bbox 473 2049 662 2126; x_wconf 88' lang='lat' dir='ltr'>mittentur,</span> <span class='ocrx_word' id='word_1_112' title='bbox 690 2071 725 2112; x_wconf 88' lang='lat' dir='ltr'>ac</span> <span class='ocrx_word' id='word_1_113' title='bbox 747 2046 925 2135; x_wconf 82' lang='lat' dir='ltr'>profecturi</span> <span class='ocrx_word' id='word_1_114' title='bbox 944 2049 1033 2128; x_wconf 90' lang='lat' dir='ltr'>lunt,</span> <span class='ocrx_word' id='word_1_115' title='bbox 1054 2064 1110 2114; x_wconf 90' lang='lat' dir='ltr'>aut</span> <span class='ocrx_word' id='word_1_116' title='bbox 1150 2124 1153 2131; x_wconf 22' lang='lat'><strong>¹</strong></span> 
     </span>
     <span class='ocr_line' id='line_1_19' title="bbox 89 2132 1110 2220; baseline 0.003 -25"><span class='ocrx_word' id='word_1_117' title='bbox 89 2132 260 2218; x_wconf 76' lang='lat' dir='ltr'>bucusque</span> <span class='ocrx_word' id='word_1_118' title='bbox 292 2145 472 2211; x_wconf 84' lang='lat' dir='ltr'>venerunt,</span> <span class='ocrx_word' id='word_1_119' title='bbox 515 2155 715 2220; x_wconf 86' lang='lat' dir='ltr'>quocumque</span> <span class='ocrx_word' id='word_1_120' title='bbox 750 2137 884 2197; x_wconf 88' lang='lat' dir='ltr'>nomine</span> <span class='ocrx_word' id='word_1_121' title='bbox 915 2140 1110 2214; x_wconf 80' lang='lat' dir='ltr'>censeantur,</span> 
     </span>
     <span class='ocr_line' id='line_1_20' title="bbox 91 2217 1110 2304; baseline 0.005 -25"><span class='ocrx_word' id='word_1_122' title='bbox 91 2229 148 2281; x_wconf 83' lang='lat' dir='ltr'>aut</span> <span class='ocrx_word' id='word_1_123' title='bbox 168 2220 299 2281; x_wconf 83' lang='lat' dir='ltr'>valeant</span> <span class='ocrx_word' id='word_1_124' title='bbox 327 2217 524 2303; x_wconf 88' lang='lat' dir='ltr'>nuncupari,</span> <span class='ocrx_word' id='word_1_125' title='bbox 559 2230 671 2281; x_wconf 89' lang='lat' dir='ltr'>tenore</span> <span class='ocrx_word' id='word_1_126' title='bbox 703 2219 917 2302; x_wconf 86' lang='lat' dir='ltr'>praesentium</span> <span class='ocrx_word' id='word_1_127' title='bbox 948 2221 1110 2304; x_wconf 85' lang='lat' dir='ltr'>publicam</span> 
     </span>
    </p>
   </div>
   <div class='ocr_carea' id='block_1_8' title="bbox 90 2302 1110 2450">
    <p class='ocr_par' dir='ltr' id='par_1_8' title="bbox 90 2302 1110 2450">
     <span class='ocr_line' id='line_1_21' title="bbox 90 2302 1110 2450; baseline 0.001 -83"><span class='ocrx_word' id='word_1_128' title='bbox 90 2302 203 2450; x_wconf 59' lang='lat' dir='ltr'>lipom,</span> <span class='ocrx_word' id='word_1_129' title='bbox 223 2315 256 2367; x_wconf 88' lang='lat' dir='ltr'>et</span> <span class='ocrx_word' id='word_1_130' title='bbox 268 2304 492 2388; x_wconf 72' lang='lat' dir='ltr'>plenissimam,</span> <span class='ocrx_word' id='word_1_131' title='bbox 514 2304 770 2388; x_wconf 80' lang='lat' dir='ltr'>rarissimamque</span> <span class='ocrx_word' id='word_1_132' title='bbox 785 2304 994 2378; x_wconf 79' lang='lat' dir='ltr'>securitatem,</span> <span class='ocrx_word' id='word_1_133' title='bbox 1015 2327 1110 2391; x_wconf 86' lang='lat' dir='ltr'>quarn</span> 
     </span>
    </p>
   </div>
   <div class='ocr_carea' id='block_1_9' title="bbox 89 2387 1124 3672">
    <p class='ocr_par' dir='ltr' id='par_1_9' title="bbox 89 2387 1124 3672">
     <span class='ocr_line' id='line_1_22' title="bbox 90 2387 1110 2472; baseline 0.003 -20"><span class='ocrx_word' id='word_1_134' title='bbox 90 2394 123 2453; x_wconf 84' lang='lat' dir='ltr'>sa</span> <span class='ocrx_word' id='word_1_135' title='bbox 142 2410 216 2452; x_wconf 81' lang='lat' dir='ltr'>vum</span> <span class='ocrx_word' id='word_1_136' title='bbox 237 2387 430 2450; x_wconf 88' lang='lat' dir='ltr'>conductum</span> <span class='ocrx_word' id='word_1_137' title='bbox 452 2389 634 2472; x_wconf 85' lang='lat' dir='ltr'>appellant,</span> <span class='ocrx_word' id='word_1_138' title='bbox 656 2389 758 2450; x_wconf 87' lang='lat' dir='ltr'>libera</span> <span class='ocrx_word' id='word_1_139' title='bbox 778 2388 816 2450; x_wconf 83' lang='lat' dir='ltr'>ad</span> <span class='ocrx_word' id='word_1_140' title='bbox 840 2389 922 2451; x_wconf 91' lang='lat' dir='ltr'>hanc</span> <span class='ocrx_word' id='word_1_141' title='bbox 945 2390 1110 2455; x_wconf 85' lang='lat' dir='ltr'>civitatem</span> 
     </span>
     <span class='ocr_line' id='line_1_23' title="bbox 89 2472 1110 2561; baseline 0.001 -23"><span class='ocrx_word' id='word_1_142' title='bbox 89 2472 320 2541; x_wconf 82' lang='lat' dir='ltr'>Tridentinam</span> <span class='ocrx_word' id='word_1_143' title='bbox 353 2472 526 2552; x_wconf 84' lang='lat' dir='ltr'>veniendi,</span> <span class='ocrx_word' id='word_1_144' title='bbox 570 2473 755 2558; x_wconf 85' lang='lat' dir='ltr'>ibidemque</span> <span class='ocrx_word' id='word_1_145' title='bbox 793 2473 961 2546; x_wconf 88' lang='lat' dir='ltr'>manendi,</span> <span class='ocrx_word' id='word_1_146' title='bbox 1000 2475 1110 2561; x_wconf 84' lang='lat' dir='ltr'>llandi,</span> 
     </span>
     <span class='ocr_line' id='line_1_24' title="bbox 90 2558 1124 2645; baseline 0.001 -21"><span class='ocrx_word' id='word_1_147' title='bbox 90 2560 262 2637; x_wconf 87' lang='lat' dir='ltr'>morandi,</span> <span class='ocrx_word' id='word_1_148' title='bbox 298 2558 523 2644; x_wconf 88' lang='lat' dir='ltr'>proponendi,</span> <span class='ocrx_word' id='word_1_149' title='bbox 552 2559 728 2644; x_wconf 87' lang='lat' dir='ltr'>loquendi,</span> <span class='ocrx_word' id='word_1_150' title='bbox 761 2581 822 2622; x_wconf 89' lang='lat' dir='ltr'>nna</span> <span class='ocrx_word' id='word_1_151' title='bbox 849 2581 921 2622; x_wconf 88' lang='lat' dir='ltr'>cum</span> <span class='ocrx_word' id='word_1_152' title='bbox 943 2559 1011 2645; x_wconf 87' lang='lat' dir='ltr'>ipsa</span> <span class='ocrx_word' id='word_1_153' title='bbox 1031 2566 1124 2643; x_wconf 58' lang='lat' dir='ltr'>lyae¹</span> 
     </span>
     <span class='ocr_line' id='line_1_25' title="bbox 92 2644 1109 2730; baseline -0.001 -21"><span class='ocrx_word' id='word_1_154' title='bbox 92 2645 163 2709; x_wconf 87' lang='lat' dir='ltr'>odo</span> <span class='ocrx_word' id='word_1_155' title='bbox 184 2644 225 2709; x_wconf 86' lang='lat' dir='ltr'>da</span> <span class='ocrx_word' id='word_1_156' title='bbox 253 2648 504 2730; x_wconf 84' lang='lat' dir='ltr'>quibuscumque</span> <span class='ocrx_word' id='word_1_157' title='bbox 525 2645 665 2724; x_wconf 84' lang='lat' dir='ltr'>negotiis</span> <span class='ocrx_word' id='word_1_158' title='bbox 688 2645 861 2722; x_wconf 83' lang='lat' dir='ltr'>tractandi,</span> <span class='ocrx_word' id='word_1_159' title='bbox 892 2647 1109 2725; x_wconf 86' lang='lat' dir='ltr'>examinandi,</span> 
     </span>
     <span class='ocr_line' id='line_1_26' title="bbox 92 2730 1110 2816; baseline 0.001 -21"><span class='ocrx_word' id='word_1_160' title='bbox 92 2730 309 2806; x_wconf 80' lang='lat' dir='ltr'>discutiendi,</span> <span class='ocrx_word' id='word_1_161' title='bbox 340 2741 373 2791; x_wconf 84' lang='lat' dir='ltr'>et</span> <span class='ocrx_word' id='word_1_162' title='bbox 395 2730 524 2806; x_wconf 89' lang='lat' dir='ltr'>omnia,</span> <span class='ocrx_word' id='word_1_163' title='bbox 557 2751 776 2816; x_wconf 87' lang='lat' dir='ltr'>quaecumque</span> <span class='ocrx_word' id='word_1_164' title='bbox 796 2731 872 2816; x_wconf 84' lang='lat' dir='ltr'>ipsis</span> <span class='ocrx_word' id='word_1_165' title='bbox 893 2731 1044 2807; x_wconf 86' lang='lat' dir='ltr'>libuerit,</span> <span class='ocrx_word' id='word_1_166' title='bbox 1074 2752 1110 2796; x_wconf 88' lang='lat' dir='ltr'>ac</span> 
     </span>
     <span class='ocr_line' id='line_1_27' title="bbox 93 2816 1110 2901; baseline 0.001 -22"><span class='ocrx_word' id='word_1_167' title='bbox 93 2817 250 2879; x_wconf 87' lang='lat' dir='ltr'>articulos</span> <span class='ocrx_word' id='word_1_168' title='bbox 280 2816 441 2901; x_wconf 88' lang='lat' dir='ltr'>quoslibet</span> <span class='ocrx_word' id='word_1_169' title='bbox 475 2826 540 2877; x_wconf 86' lang='lat' dir='ltr'>tam</span> <span class='ocrx_word' id='word_1_170' title='bbox 569 2817 709 2900; x_wconf 91' lang='lat' dir='ltr'>scripto,</span> <span class='ocrx_word' id='word_1_171' title='bbox 750 2837 844 2901; x_wconf 90' lang='lat' dir='ltr'>quam</span> <span class='ocrx_word' id='word_1_172' title='bbox 875 2818 974 2878; x_wconf 85' lang='lat' dir='ltr'>verbo</span> <span class='ocrx_word' id='word_1_173' title='bbox 1008 2817 1110 2882; x_wconf 84' lang='lat' dir='ltr'>libere</span> 
     </span>
     <span class='ocr_line' id='line_1_28' title="bbox 93 2898 1111 2986; baseline 0 -21"><span class='ocrx_word' id='word_1_174' title='bbox 93 2900 274 2978; x_wconf 82' lang='lat' dir='ltr'>offerendi,</span> <span class='ocrx_word' id='word_1_175' title='bbox 296 2898 506 2986; x_wconf 86' lang='lat' dir='ltr'>propalandi,</span> <span class='ocrx_word' id='word_1_176' title='bbox 528 2921 647 2986; x_wconf 85' lang='lat' dir='ltr'>eosque</span> <span class='ocrx_word' id='word_1_177' title='bbox 668 2901 834 2985; x_wconf 88' lang='lat' dir='ltr'>scripturis</span> <span class='ocrx_word' id='word_1_178' title='bbox 855 2900 962 2976; x_wconf 82' lang='lat' dir='ltr'>sacris,</span> <span class='ocrx_word' id='word_1_179' title='bbox 983 2912 1014 2962; x_wconf 89' lang='lat' dir='ltr'>et</span> <span class='ocrx_word' id='word_1_180' title='bbox 1036 2904 1111 2965; x_wconf 89' lang='lat' dir='ltr'>bea·</span> 
     </span>
     <span class='ocr_line' id='line_1_29' title="bbox 92 2985 1110 3072; baseline -0.001 -22"><span class='ocrx_word' id='word_1_181' title='bbox 92 2998 201 3051; x_wconf 88' lang='lat' dir='ltr'>torum</span> <span class='ocrx_word' id='word_1_182' title='bbox 222 2997 349 3072; x_wconf 88' lang='lat' dir='ltr'>patrum</span> <span class='ocrx_word' id='word_1_183' title='bbox 371 2987 499 3062; x_wconf 85' lang='lat' dir='ltr'>verbis,</span> <span class='ocrx_word' id='word_1_184' title='bbox 528 2985 718 3061; x_wconf 87' lang='lat' dir='ltr'>sententiis,</span> <span class='ocrx_word' id='word_1_185' title='bbox 748 2997 781 3048; x_wconf 90' lang='lat' dir='ltr'>et</span> <span class='ocrx_word' id='word_1_186' title='bbox 801 2986 979 3049; x_wconf 87' lang='lat' dir='ltr'>rationibus</span> <span class='ocrx_word' id='word_1_187' title='bbox 1002 2986 1110 3049; x_wconf 89' lang='lat' dir='ltr'>decla·</span> 
     </span>
     <span class='ocr_line' id='line_1_30' title="bbox 92 3068 1109 3156; baseline -0.003 -21"><span class='ocrx_word' id='word_1_188' title='bbox 92 3071 206 3150; x_wconf 87' lang='lat' dir='ltr'>randi,</span> <span class='ocrx_word' id='word_1_189' title='bbox 227 3069 400 3148; x_wconf 86' lang='lat' dir='ltr'>astruendi,</span> <span class='ocrx_word' id='word_1_190' title='bbox 431 3082 464 3135; x_wconf 86' lang='lat' dir='ltr'>at</span> <span class='ocrx_word' id='word_1_191' title='bbox 484 3070 714 3156; x_wconf 79' lang='lat' dir='ltr'>persuadendi3</span> <span class='ocrx_word' id='word_1_192' title='bbox 752 3083 803 3147; x_wconf 86' lang='lat' dir='ltr'>et,</span> <span class='ocrx_word' id='word_1_193' title='bbox 834 3071 858 3131; x_wconf 84' lang='lat' dir='ltr'><strong>fi</strong></span> <span class='ocrx_word' id='word_1_194' title='bbox 885 3091 967 3155; x_wconf 85' lang='lat' dir='ltr'>opus</span> <span class='ocrx_word' id='word_1_195' title='bbox 1000 3068 1109 3149; x_wconf 82' lang='lat' dir='ltr'>suerit,</span> 
     </span>
     <span class='ocr_line' id='line_1_31' title="bbox 94 3155 1110 3240; baseline -0.002 -19"><span class='ocrx_word' id='word_1_196' title='bbox 94 3158 192 3221; x_wconf 84' lang='lat' dir='ltr'>stiam</span> <span class='ocrx_word' id='word_1_197' title='bbox 221 3156 261 3219; x_wconf 90' lang='lat' dir='ltr'>ad</span> <span class='ocrx_word' id='word_1_198' title='bbox 301 3156 423 3240; x_wconf 85' lang='lat' dir='ltr'>objecta</span> <span class='ocrx_word' id='word_1_199' title='bbox 455 3157 588 3219; x_wconf 88' lang='lat' dir='ltr'>concilii</span> <span class='ocrx_word' id='word_1_200' title='bbox 625 3156 785 3236; x_wconf 82' lang='lat' dir='ltr'>generalia</span> <span class='ocrx_word' id='word_1_201' title='bbox 816 3155 1046 3240; x_wconf 72' lang='lat' dir='ltr'>respondendi,</span> <span class='ocrx_word' id='word_1_202' title='bbox 1075 3168 1110 3221; x_wconf 88' lang='lat' dir='ltr'>st</span> 
     </span>
     <span class='ocr_line' id='line_1_32' title="bbox 94 3236 1111 3328; baseline -0.003 -21"><span class='ocrx_word' id='word_1_203' title='bbox 94 3264 167 3307; x_wconf 89' lang='lat' dir='ltr'>cnm</span> <span class='ocrx_word' id='word_1_204' title='bbox 188 3242 252 3319; x_wconf 88' lang='lat' dir='ltr'>iia,</span> <span class='ocrx_word' id='word_1_205' title='bbox 275 3242 361 3328; x_wconf 89' lang='lat' dir='ltr'>quia</span> <span class='ocrx_word' id='word_1_206' title='bbox 380 3243 519 3304; x_wconf 89' lang='lat' dir='ltr'>concilio</span> <span class='ocrx_word' id='word_1_207' title='bbox 541 3241 659 3305; x_wconf 86' lang='lat' dir='ltr'>delecti</span> <span class='ocrx_word' id='word_1_208' title='bbox 679 3236 816 3318; x_wconf 82' lang='lat' dir='ltr'>fuerint,</span> <span class='ocrx_word' id='word_1_209' title='bbox 837 3241 888 3304; x_wconf 83' lang='lat' dir='ltr'>dis</span> <span class='ocrx_word' id='word_1_210' title='bbox 913 3243 1032 3321; x_wconf 80' lang='lat' dir='ltr'>utendi,</span> <span class='ocrx_word' id='word_1_211' title='bbox 1056 3253 1111 3305; x_wconf 90' lang='lat' dir='ltr'>aut</span> 
     </span>
     <span class='ocr_line' id='line_1_33' title="bbox 94 3262 1109 3414; baseline -0.002 -23"><span class='ocrx_word' id='word_1_212' title='bbox 94 3330 272 3404; x_wconf 77' lang='lat' dir='ltr'>caritative,</span> <span class='ocrx_word' id='word_1_213' title='bbox 292 3327 409 3413; x_wconf 84' lang='lat' dir='ltr'>absque</span> <span class='ocrx_word' id='word_1_214' title='bbox 432 3328 522 3411; x_wconf 84' lang='lat' dir='ltr'>omni</span> <span class='ocrx_word' id='word_1_215' title='bbox 545 3328 797 3414; x_wconf 87' lang='lat' dir='ltr'>impedimento,</span> <span class='ocrx_word' id='word_1_216' title='bbox 819 3262 1109 3413; x_wconf 73' lang='lat' dir='ltr'>condd1·endi,op·</span> 
     </span>
     <span class='ocr_line' id='line_1_34' title="bbox 95 3412 1110 3500; baseline 0 -25"><span class='ocrx_word' id='word_1_217' title='bbox 95 3413 254 3500; x_wconf 88' lang='lat' dir='ltr'>probriia,</span> <span class='ocrx_word' id='word_1_218' title='bbox 287 3412 465 3490; x_wconf 82' lang='lat' dir='ltr'>conviciis,</span> <span class='ocrx_word' id='word_1_219' title='bbox 496 3434 531 3476; x_wconf 91' lang='lat' dir='ltr'>ac</span> <span class='ocrx_word' id='word_1_220' title='bbox 560 3413 766 3476; x_wconf 86' lang='lat' dir='ltr'>contumeliis</span> <span class='ocrx_word' id='word_1_221' title='bbox 801 3414 931 3496; x_wconf 85' lang='lat' dir='ltr'>penitus</span> <span class='ocrx_word' id='word_1_222' title='bbox 959 3415 1110 3490; x_wconf 81' lang='lat' dir='ltr'>lernotis3</span> 
     </span>
     <span class='ocr_line' id='line_1_35' title="bbox 98 3499 1109 3585; baseline -0.001 -23"><span class='ocrx_word' id='word_1_223' title='bbox 98 3510 129 3562; x_wconf 82' lang='lat' dir='ltr'>et</span> <span class='ocrx_word' id='word_1_224' title='bbox 157 3500 339 3579; x_wconf 84' lang='lat' dir='ltr'>signanter,</span> <span class='ocrx_word' id='word_1_225' title='bbox 371 3499 456 3585; x_wconf 88' lang='lat' dir='ltr'>quod</span> <span class='ocrx_word' id='word_1_226' title='bbox 486 3499 593 3562; x_wconf 88' lang='lat' dir='ltr'>caulae</span> <span class='ocrx_word' id='word_1_227' title='bbox 622 3504 865 3574; x_wconf 83' lang='lat' dir='ltr'>controversae,</span> <span class='ocrx_word' id='word_1_228' title='bbox 897 3499 1109 3580; x_wconf 79' lang='lat' dir='ltr'>⁶)sacundum</span> 
     </span>
     <span class='ocr_line' id='line_1_36' title="bbox 96 3582 1109 3672; baseline -0.003 -24"><span class='ocrx_word' id='word_1_229' title='bbox 96 3588 212 3648; x_wconf 84' lang='lat' dir='ltr'>sacram</span> <span class='ocrx_word' id='word_1_230' title='bbox 232 3583 442 3669; x_wconf 81' lang='lat' dir='ltr'>scripturam,</span> <span class='ocrx_word' id='word_1_231' title='bbox 477 3597 510 3647; x_wconf 84' lang='lat' dir='ltr'>at</span> <span class='ocrx_word' id='word_1_232' title='bbox 530 3582 759 3672; x_wconf 79' lang='lat' dir='ltr'>Apostolorum</span> <span class='ocrx_word' id='word_1_233' title='bbox 784 3583 991 3662; x_wconf 83' lang='lat' dir='ltr'>traditiones,</span> <span class='ocrx_word' id='word_1_234' title='bbox 1029 3605 1109 3669; x_wconf 90' lang='lat' dir='ltr'>pro-</span> 
     </span>
    </p>
   </div>
   <div class='ocr_carea' id='block_1_10' title="bbox 98 3710 537 3743">
    <p class='ocr_par' dir='ltr' id='par_1_10' title="bbox 98 3710 537 3743">
     <span class='ocr_line' id='line_1_37' title="bbox 98 3710 537 3743; baseline 0.002 0"><span class='ocrx_word' id='word_1_235' title='bbox 98 3710 537 3743; x_wconf 79' lang='lat' dir='ltr'>...----l---—--</span> 
     </span>
    </p>
   </div>
   <div class='ocr_carea' id='block_1_11' title="bbox 130 3793 1109 3870">
    <p class='ocr_par' dir='ltr' id='par_1_11' title="bbox 130 3793 1109 3870">
     <span class='ocr_line' id='line_1_38' title="bbox 130 3793 1109 3870; baseline -0.013 -14"><span class='ocrx_word' id='word_1_236' title='bbox 130 3804 154 3870; x_wconf 84' lang='lat' dir='ltr'>r)</span> <span class='ocrx_word' id='word_1_237' title='bbox 171 3800 215 3858; x_wconf 84' lang='lat' dir='ltr'>cf.</span> <span class='ocrx_word' id='word_1_238' title='bbox 234 3799 291 3856; x_wconf 77' lang='lat' dir='ltr'>sall.</span> <span class='ocrx_word' id='word_1_239' title='bbox 308 3801 375 3856; x_wconf 77' lang='lat' dir='ltr'>XV.</span> <span class='ocrx_word' id='word_1_240' title='bbox 393 3816 422 3868; x_wconf 90' lang='lat' dir='ltr'>p.</span> <span class='ocrx_word' id='word_1_241' title='bbox 437 3805 475 3863; x_wconf 81' lang='grc'>87</span> <span class='ocrx_word' id='word_1_242' title='bbox 493 3797 552 3868; x_wconf 84' lang='lat' dir='ltr'>sqq.</span> <span class='ocrx_word' id='word_1_243' title='bbox 576 3795 627 3850; x_wconf 91' lang='lat' dir='ltr'>ubi</span> <span class='ocrx_word' id='word_1_244' title='bbox 643 3794 734 3849; x_wconf 84' lang='lat' dir='ltr'>salvus</span> <span class='ocrx_word' id='word_1_245' title='bbox 753 3794 908 3848; x_wconf 88' lang='lat' dir='ltr'>conductus</span> <span class='ocrx_word' id='word_1_246' title='bbox 925 3793 1026 3846; x_wconf 83' lang='lat' dir='ltr'>iisdem</span> <span class='ocrx_word' id='word_1_247' title='bbox 1045 3807 1109 3845; x_wconf 79' lang='lat' dir='ltr'>ver-</span> 
     </span>
    </p>
   </div>
   <div class='ocr_carea' id='block_1_12' title="bbox 130 3864 1109 4010">
    <p class='ocr_par' dir='ltr' id='par_1_12' title="bbox 130 3864 1109 4010">
     <span class='ocr_line' id='line_1_39' title="bbox 130 3864 1109 3940; baseline -0.011 -14"><span class='ocrx_word' id='word_1_248' title='bbox 130 3872 173 3927; x_wconf 81' lang='lat' dir='ltr'>bit</span> <span class='ocrx_word' id='word_1_249' title='bbox 192 3884 320 3927; x_wconf 77' lang='lat' dir='ltr'>exaratus</span> <span class='ocrx_word' id='word_1_250' title='bbox 339 3872 459 3940; x_wconf 85' lang='lat' dir='ltr'>legitur,</span> <span class='ocrx_word' id='word_1_251' title='bbox 486 3880 600 3937; x_wconf 84' lang='lat' dir='ltr'>excepta</span> <span class='ocrx_word' id='word_1_252' title='bbox 627 3880 717 3922; x_wconf 89' lang='lat' dir='ltr'>tamen</span> <span class='ocrx_word' id='word_1_253' title='bbox 742 3864 898 3921; x_wconf 75' lang='lat' dir='ltr'>extensione</span> <span class='ocrx_word' id='word_1_254' title='bbox 922 3865 956 3917; x_wconf 89' lang='lat' dir='ltr'>ad</span> <span class='ocrx_word' id='word_1_255' title='bbox 974 3864 1042 3917; x_wconf 83' lang='lat' dir='ltr'>aliua</span> <span class='ocrx_word' id='word_1_256' title='bbox 1058 3882 1109 3915; x_wconf 86' lang='lat' dir='ltr'>ua-</span> 
     </span>
     <span class='ocr_line' id='line_1_40' title="bbox 132 3942 715 4010; baseline -0.012 -13"><span class='ocrx_word' id='word_1_257' title='bbox 132 3950 232 4000; x_wconf 84' lang='lat' dir='ltr'>tiones.</span> <span class='ocrx_word' id='word_1_258' title='bbox 251 3971 286 3984; x_wconf 89' lang='lat'>-·</span> <span class='ocrx_word' id='word_1_259' title='bbox 322 3946 346 4009; x_wconf 89' lang='lat' dir='ltr'>s)</span> <span class='ocrx_word' id='word_1_260' title='bbox 363 3942 429 3998; x_wconf 81' lang='lat' dir='ltr'>Seli.</span> <span class='ocrx_word' id='word_1_261' title='bbox 447 3947 476 3996; x_wconf 89' lang='lat' dir='ltr'>iu</span> <span class='ocrx_word' id='word_1_262' title='bbox 495 3947 583 4010; x_wconf 86' lang='lat' dir='ltr'>princ.</span> <span class='ocrx_word' id='word_1_263' title='bbox 713 3946 715 3951; x_wconf 88' lang='lat'>&#39;</span> 
     </span>
    </p>
   </div>
   <div class='ocr_carea' id='block_1_13' title="bbox 0 0 1277 4522">
    <p class='ocr_par' dir='ltr' id='par_1_13' title="bbox 0 0 1277 4522">
     <span class='ocr_line' id='line_1_41' title="bbox 0 0 1277 4522; baseline 0 0"><span class='ocrx_word' id='word_1_264' title='bbox 0 0 1277 4522; x_wconf 95' lang='lat' dir='ltr'> </span> 
     </span>
    </p>
   </div>
  </div>
 </body>
</html>
