2528 4522
93 304 100 313 ·
196 275 246 347 38
291 259 382 355 App.
408 260 435 328 Ι.
462 259 507 326 ad
533 256 669 325 Concil.
696 253 859 322 Trident.
911 252 996 322 Seis.
1023 253 1106 324 Vll.
1151 228 1179 313 ,⁸

20 1044 40 1095 b

194 443 267 507 dam
289 439 393 505 censet
408 438 457 518 ⁴),
481 448 513 501 et
532 435 688 518 innovat3
715 437 834 502 addens
855 434 1007 523 insuper,
1034 433 1127 524 ,quod
1147 435 1208 523 ipii

196 529 353 593 ordinarii
382 527 476 588 etiam
506 544 565 609 per
593 522 784 587 idoneorum
805 524 1000 586 vicariorum
1021 520 1209 608 deputatio-

194 637 288 691 nem,
319 625 352 676 et
372 607 402 698 ⁰)
418 629 575 689 congruae
600 611 764 695 portionis
786 605 945 673 fructuum
966 609 1208 689 affignationem

195 701 330 764 omnino
354 696 564 784 provideant,
599 707 633 757 ut
654 697 832 758 animarum
853 717 925 758 cura
944 697 1131 758 nullatenus
1154 716 1208 757 ne-

194 788 353 867 gligatur,
388 795 421 845 et
450 779 603 844 beneficia
635 780 704 866 ipsa
734 782 849 845 debitis
880 781 1042 866 obsequiis
1075 781 1208 842 minime

195 868 440 934 defraudentur:
463 865 752 951 appellationibus,
776 866 977 952 privilegiis,
1000 879 1033 928 et
1047 862 1076 950 ⁵)
1098 887 1211 928 exem·

181 956 361 1042 'ptionibus
382 954 639 1038 quibuscumque,
661 954 757 1016 etiam
779 976 850 1015 cum
872 951 1010 1032 judicum
1025 951 1210 1037 specialium

195 1041 422 1125 deputatione,
455 1049 489 1100 et
518 1037 653 1103 illorum
681 1038 933 1111 inhibitionibus
964 1036 1001 1101 in
1034 1038 1209 1131 piaemiffis

195 1127 322 1199 rremini
345 1123 602 1206 suffragantibus.

609 1290 688 1361 Gar.
709 1291 774 1357 VI.

216 1393 335 1478 [Quae
356 1388 599 1480 beneficiorum
624 1393 769 1470 uniones
789 1391 930 1460 validae
952 1391 1188 1480 censeantur}

259 1504 404 1569 Uniones
426 1496 678 1591 perpetuaeflla
706 1502 914 1591 quadraginta
940 1506 1035 1567 annis
1061 1504 1142 1566 citra
1162 1499 1210 1566 ia-

196 1599 282 1664 ctae,
316 1592 495 1654 examinari
520 1593 558 1653 ab
587 1589 778 1666 ordinariis,
815 1602 975 1675 tamquam
997 1612 1013 1650 a
1035 1589 1110 1652 fede
1131 1611 1211 1674 apo-

196 1674 301 1736 stolica
322 1676 495 1756 delegatis,
527 1677 664 1762 pollini:
701 1687 733 1737 et
763 1697 842 1761 quae
873 1697 932 1761 per
960 1674 1211 1759 subreptionem,

196 1760 250 1823 vel
275 1763 497 1846 obreptionem
529 1764 674 1823 obtentae
696 1755 837 1840 suerint,
868 1763 979 1823 irritae
999 1761 1211 1824 declarentur.
1244 1762 1254 1781 ‘

196 1841 276 1908 Illae
297 1867 396 1924 vero,
418 1867 497 1933 quae
520 1847 639 1909 edicto
663 1858 808 1932 tempore
829 1846 906 1907 citra
929 1845 1106 1922 concsil'ae,
1128 1868 1212 1908 nou-

129 1970 134 1976 ·
197 1929 274 1992 dum
295 1932 331 1995 in
352 1942 443 2009 tuto,
473 1933 526 1994 vel
552 1931 588 1994 in
614 1944 705 2016 parte
735 1932 865 1995 sortitae
887 1930 957 1995 [unt
981 1932 1150 2005 effectum,
1180 1941 1213 1993 et

198 2035 276 2101 quae
306 2018 458 2102 deinceps
484 2017 523 2080 ad
552 2017 693 2099 cujusvis
724 2017 903 2079 instantiam
930 2020 1028 2093 fient,
1073 2017 1133 2079 nili
1161 2037 1212 2079 eas

198 2121 240 2162 ex
262 2102 431 2182 legitimis,
456 2113 511 2164 aut
534 2101 614 2164 alias
635 2103 881 2165 rationabilibus
903 2104 997 2166 caulis
1020 2123 1130 2187 coram
1149 2103 1214 2164 loci

187 2185 384 2266 ¹ordinario,
406 2188 530 2250 vocatis
551 2210 687 2273 quorum
708 2188 852 2264 interest,
875 2187 1090 2264 verificandis,
1115 2184 1211 2251 factas

197 2264 293 2334 fuiffe
321 2273 510 2350 constiterit,
544 2294 603 2358 per
634 2276 726 2336 lubre
754 2274 874 2335 tionem
908 2277 1054 2336 obtentae
1081 2278 1212 2357 praesu-

197 2369 345 2420 mantur:
365 2380 400 2420 ac
419 2370 607 2449 propterea,
622 2358 688 2421 nili
709 2295 803 2421 aiiter
827 2379 845 2420 a
870 2358 941 2421 fede
963 2359 1135 2446 apostolica
1156 2359 1212 2425 de·

197 2442 351 2506 claretum
370 2439 484 2522 fuerit,
505 2442 627 2508 viribus
649 2444 784 2507 omnino
807 2457 945 2512 careant.
975 2504 977 2509 .

613 2624 693 2692 Gar.
714 2626 795 2695 VII.

199 2719 396 2806 [Beneficia
422 2707 642 2817 ecciefiasticn
669 2730 773 2795 unito
794 2728 995 2818 visitentur:
1020 2750 1087 2817 per
1117 2728 1211 2796 vica-

198 2809 270 2872 rios
291 2811 400 2876 etiam
418 2824 602 2900 perpetuos
625 2837 712 2887 curn
733 2827 956 2895 exercentur-,-
984 2836 1131 2902 quercum
1150 2813 1211 2879 de·

194 2896 337 2982 putatio
353 2893 424 2983 fiat
455 2921 533 2964 cum
552 2900 711 2988 portione
729 2898 954 3068 nffipnanda,
980 2900 1090 2965 etiam
1109 2897 1212 2987 super

615 3006 653 3049 re
673 2996 781 3051 certa.

259 3081 422 3148 Beneficia
451 3086 647 3150 ecclesiastica
669 3101 795 3165 curata,
823 3091 940 3175 e)quae
967 3084 1212 3159 cathedralibus,

198 3168 480 3250 collegiatis,.seu
500 3174 575 3236 aliis
597 3175 755 3252 ecclefiis,
788 3175 840 3236 vel
862 3173 1083 3246 monasteriis,
1115 3175 1212 3233 bens-

149 3322 152 3329 ,
198 3253 302 3330 ficiis,
329 3259 381 3318 feu
408 3259 572 3339 collegiis,
601 3271 654 3321 aut
676 3260 742 3344 piis
764 3258 846 3321 locis
869 3261 1118 3346 quibuscumque
1138 3276 1211 3343 per·

146 3354 148 3363 ’
199 3350 297 3423 petuo
320 3343 428 3418 unita,
448 3354 480 3404 et
503 3365 627 3408 annexa
650 3345 871 3429 reperiuntur,
902 3345 939 3406 ab
964 3343 1139 3429 ordinariis
1159 3341 1211 3402 lo-

199 3444 312 3487 corum
342 3428 437 3491 annis
464 3428 596 3511 lingulis
626 3430 813 3500 vilitentur:
836 3427 863 3516 f)
877 3430 932 3517 qui
949 3430 1076 3502 solicite
1096 3427 1211 3515 prori-

105 3562 109 3569 '
200 3566 640 3587 Μ·-

72 4080 131 4256 l

234 3644 263 3708 4)
281 3641 388 3695 uerrsuit
405 3643 491 3711 Brix„
512 3644 606 3713 Virri,
625 3646 716 3706 libem,
737 3673 768 3688 ·-
805 3647 834 3714 5)
853 3659 881 3701 et
899 3665 949 3703 om.
967 3646 1040 3708 racd,

235 3751 261 3815 c)
280 3749 317 3801 V.
339 3748 382 3801 Pii
397 3751 430 3802 V.
450 3748 531 3807 curtii.
552 3785 568 3810 „
576 3752 623 3804 Ad
639 3751 833 3826 exsequendum
842 3757 856 3781 ’'
880 3759 960 3818 1567.
978 3754 1064 3816 (Ruti.
1083 3755 1128 3813 ed.
1142 3754 1211 3808 Coo-

199 3842 202 3847 ·
238 3820 313 3888 quel.
331 3821 422 3875 ΤΠ.
442 3823 509 3881 P.2.
529 3826 644 3892 p.401.)·
663 3850 700 3864 -
736 3825 765 3891 d)
783 3823 849 3878 sea.
861 3826 940 3878 XIV·
959 3826 992 3877 de
1011 3826 1127 3881 reform.
1140 3844 1164 3882 c.
1177 3834 1212 3891 9.,

241 3889 300 3952 l'eii.
315 3892 424 3945 XXIV.
444 3895 478 3944 de
497 3893 610 3948 reform.
628 3901 723 3963 c.13.,
741 3895 800 3948 tett.
811 3897 905 3950 XXV.
924 3897 957 3949 de
977 3897 1092 3951 reform.
1111 3903 1212 3959 c.9.·-

238 3965 264 4036 a)
283 3961 349 4021 Seis.
357 3964 436 4028 X1V.
449 3965 483 4020 de
492 3966 604 4025 resona.
622 3984 645 4024 c·
654 3973 680 4031 9.
694 3995 728 4008 ···
746 3966 845 4034 [teeti.
853 3969 948 4029 XXV.
966 3968 1211 4032 derelorm.o,16,
