2550 4536
200 281 274 355 232
419 264 513 365 App.
523 266 561 360 s.
582 267 630 337 ad
651 261 786 335 Ooncil
809 259 974 335 Trident.

374 466 609 583 uenena
655 477 691 549 s.
724 472 784 546 n.
832 470 878 589 n.
917 463 1034 560 1³11,
1216 416 1243 575 3

433 672 437 677 -
519 620 639 695 diviua
660 614 889 715 providentia
1082 594 1092 617 '

457 742 659 829 rarae
696 744 957 845 Qunam,

205 900 604 965 aurunoorrrnrrereorr
627 906 830 969 oneraremur
855 897 1041 950 aramme
1061 898 1210 941 corcrnu

602 990 820 1039 rennerunt·
1033 978 1038 1003 ¹

205 1115 320 1184 Pina
342 1114 603 1210 episcopua,
621 1117 742 1204 larona
760 1114 938 1204 fervorum
959 1106 1047 1184 Dei,
1063 1103 1119 1174 ad
1132 1126 1199 1196 per

695 1201 703 1215 Ι
857 1198 865 1213 0

421 1278 424 1283 ¹
485 1211 630 1293 petuam
651 1223 702 1268 rer
721 1220 934 1269 memorerm.
1181 1240 1187 1247 ·

266 1327 460 1397 Benedictus
479 1331 515 1412 ¹¹)
530 1325 635 1410 Deua,
666 1339 700 1395 et
729 1339 828 1418 pater.
851 1319 988 1393 Domini
1019 1318 1115 1386 nostri
1138 1317 1215 1383 Jesu

204 1410 339 1495 christi,
368 1429 459 1506 pater
480 1414 791 1491 misericordiarum,
822 1424 855 1476 et
871 1408 959 1475 Deua
980 1407 1082 1471 totius
1102 1393 1228 1469 conso-³

204 1499 373 1570 lationis»
387 1501 461 1590 qui,
492 1502 649 1587 respicere
681 1500 828 1580 dignatus
852 1496 1012 1560 ecclesiam
1031 1497 1119 1558 suern
1140 1495 1216 1555 san-

205 1596 310 1663 ctam,
340 1595 390 1649 tot
421 1587 577 1675 procellis
606 1598 638 1651 et
663 1583 895 1671 tempestatibus
925 1581 1091 1663 agitatam,
1120 1587 1216 1662 atque

205 1681 378 1748 vexatam,
397 1683 431 1737 at
449 1671 580 1751 gravina
601 1672 637 1734 in
656 1671 726 1734 diae
746 1670 966 1745 laborantem,
986 1675 1063 1750 apto
1084 1662 1215 1726 tandem

206 1753 239 1817 ei
259 1753 416 1832 subvenit,
437 1766 611 1842 optatoque
631 1753 786 1819 remedio.
826 1750 880 1817 Ad
896 1752 1063 1839 plurimes,
1084 1758 1118 1811 et
1138 1769 1217 1833 per-

204 1837 421 1903 uiciolislimee
442 1840 587 1905 haereses
610 1838 835 1926 exstirpandae,
855 1835 894 1899 ad
915 1832 1122 1916 corrigendos
1141 1854 1217 1896 ruo·

205 1943 278 2002 ree,
299 1935 332 1988 at
351 1925 571 1989 restituendam
591 1925 821 1989 ecclesiasticam
845 1922 1065 2008 disciplinam,
1093 1917 1132 1981 ad
1155 1940 1217 2005 pa-

205 2010 293 2087 cem,
314 2019 346 2075 al
366 2011 568 2074 concordiem
590 2009 760 2075 Christiani
780 2030 823 2095 po
849 2008 896 2072 nli
913 2002 1142 2095 procurandam
1161 2005 1218 2067 in-

205 2091 325 2158 dictum
345 2094 408 2179 jam
429 2094 555 2181 pridem
573 2097 609 2162 in
630 2098 794 2160 civitatem
815 2031 1039 2157 iridentinam
1067 2110 1219 2154 oecume-

204 2180 333 2258 nicum,
356 2191 388 2243 et
410 2183 558 2262 generale
579 2182 754 2246 concilium
782 2200 800 2242 a
821 2175 1090 2265 piaememoriae
1113 2172 1215 2239 Panlo

204 2259 277 2349 HL,
298 2264 535 2351 praedecessore
555 2268 672 2343 noliro,
692 2278 724 2331 et
744 2265 929 2331 sessionibus
952 2265 1076 2348 aliquot
1095 2259 1216 2338 habilia

205 2362 355 2436 coeptum
376 2346 500 2415 suerat:
519 2353 558 2417 ab
581 2354 647 2437 ejus
668 2362 773 2415 autem
794 2348 964 2415 successore
978 2347 1067 2411 Julio
1091 2345 1218 2409 inean-

205 2433 279 2497 dern
303 2432 452 2520 ¹)urbem
474 2451 670 2515 revocatum,
692 2436 758 2522 poli
778 2436 858 2498 aliae
874 2432 1219 2512 sellioneecelebratae,

204 2518 304 2584 variis
324 2520 578 2605 impedimentis,
600 2534 632 2584 et
654 2520 897 2586 difficultatibus
921 2519 1061 2601 objectis,
1083 2537 1124 2579 rra
1148 2529 1217 2581 tum

228 2601 337 2667 uidem
364 2605 474 2689 peregi
504 2616 673 2691 potuerat:
712 2607 819 2692 itaque
854 2604 973 2667 diutius
1005 2602 1218 2668 intermissum

206 2623 331 2766 iuerat,
355 2710 423 2752 non
443 2691 508 2754 sine
530 2691 673 2753 maximo
694 2710 841 2754 moerore
860 2689 989 2775 piorum
1000 2686 1029 2764 2)
1049 2690 1218 2768 omnium3

206 2795 278 2837 cum
300 2773 445 2856 qnotidie
465 2777 569 2857 enegio
601 2777 726 2844 ecclelia
753 2774 910 2859 ejusmodi
944 2773 1120 2853 remedium
1149 2775 1218 2839 im-

205 2859 358 2949 ploraret.
408 2858 476 2924 Noe
507 2873 614 2926 autem
641 2861 708 2948 poli
728 2859 906 2944 susceptum
925 2858 1009 2923 ledia
1029 2857 1218 2944 apostolicae

205 2942 371 3025 regimen,
391 2954 455 3008 tam
477 2944 697 3028 necessarium,
714 2968 753 3023 ¹nc
773 2945 905 3011 salutare
927 2964 1027 3030 opus,
1057 2944 1133 3005 sicut
1177 2966 1216 3009 e-

205 3029 330 3093 storalie
351 3030 521 3096 solicitudo
544 3035 703 3111 monebat,
717 3031 855 3095 ldivinae
875 3028 1112 3095 misericordiae
1128 2967 1217 3093 fiiu-

206 3114 255 3177 cia
266 3116 419 3200 perficere
430 3118 572 3201 aggressi,
594 3117 690 3201 adjuti
702 3116 757 3205 pio
769 3116 868 3181 lindio
882 3114 1031 3180 carissimi
1043 3115 1079 3178 in
1091 3111 1214 3180 Christo

206 3200 271 3263 filii
298 3200 395 3264 noliri
416 3201 615 3269 sardinandi
634 3203 852 3268 Romanorum
878 3200 1081 3288 imperatoris
1109 3201 1215 3280 electi,

205 3279 240 3348 ei
261 3285 398 3349 aliorum
419 3285 668 3354 Christianorum
688 3311 818 3372 regum,
838 3286 1162 3373 rerumpublicarum,
1179 3308 1215 3351 ao

205 3367 405 3459 principum,
426 3370 553 3439 tandem
571 3377 731 3440 consecuti
751 3380 876 3450 seruus,
896 3371 980 3460 quod
997 3393 1055 3436 nec
1078 3370 1216 3447 diurnie‚

63 3453 72 3465 “
205 3474 265 3518 nae
294 3458 459 3522 nocturnis
486 3460 571 3523 curie
604 3461 766 3524 elaborare
794 3459 984 3537 destitimus,
1019 3455 1167 3544 quodque
1196 3478 1215 3521 a

206 3538 346 3620 ⁰)Petra
367 3543 525 3608 luminum
553 3546 671 3611 assidua
698 3546 819 3633 precati
848 3549 966 3610 sumna.
1027 3541 1107 3606 Cum
1126 3543 1216 3608 enim

207 3643 277 3690 eam
298 3626 336 3691 in
355 3631 466 3695 urbem
488 3630 629 3719 undique
650 3653 694 3696 ex
714 3630 884 3698 Christiani
903 3626 1049 3696 neminie
1068 3628 1216 3694 nationi-

207 3763 647 3783 Μ

126 3872 128 3879 ,
242 3833 273 3900 1)
290 3849 351 3886 eam
368 3833 456 3890 Hord.
473 3864 510 3877 -
543 3839 573 3908 2)
590 3841 699 3908 piorum
717 3855 766 3892 om.
783 3792 841 3895 eod.

113 3986 117 3995 ,
244 3942 275 4011 o)
292 3951 310 4006 2
328 3941 391 4001 Cor.
410 3953 435 4007 ι,
452 3962 475 4006 a.
494 3973 528 3988 -
564 3948 593 4015 o)
611 3946 668 4004 sac.
687 3957 714 4015 1,
732 3961 769 4008 ιτ.
