2528 4522
30 318 37 337 .
122 278 174 346 40
221 255 793 363 App.1.adcopcit.Trident.
846 253 930 324 sets.
959 250 1033 323 t‘lt.

519 476 522 487 ·
550 437 631 504 Gar.
651 435 703 507 X.

121 563 225 648 [Sede
244 569 391 628 vocante
411 558 570 647 capitula
599 554 692 656 nulli
711 556 795 623 dent
816 560 1041 641 reverendos,
1072 560 1137 660 np'fi

121 658 259 717 arctato
289 644 457 734 oecafione
487 643 665 709 obtinenda
699 653 764 707 aut
793 640 924 709 obtenti
958 642 1136 735 beneficti.-

305 732 429 801 varioe
450 728 785 796 contravenientium
807 735 962 816 poenae]

185 850 259 917 Non
279 851 374 915 liceat
390 848 420 932 ⁹)
441 849 590 935 capitulis
613 848 828 926 ecclesiarum,
858 848 975 928 ¹¹)lede
997 862 1138 928 vacante,

122 932 209 1001 inira
229 959 347 1001 annum
368 957 386 998 a
408 935 462 998 die
486 936 675 1007 vacationis,
694 933 865 998 ordinandi
885 939 1066 1013 licentiam,
1086 949 1140 1001 aut

123 1022 251 1087 litteras
273 1021 490 1097 dimiliorias,
512 1025 566 1085 leo
588 1018 799 1095 reverendas,
832 1032 867 1084 ut
888 1025 992 1110 aliqui
1014 1035 1140 1100 vocent,

122 1117 188 1172 tam
214 1132 255 1173 ex
268 1109 347 1193 juris
371 1107 549 1171 communis
569 1103 851 1189 dispositionem),
872 1131 967 1196 quom
985 1111 1083 1173 etiem
1097 1109 1140 1186 n)

123 1195 263 1277 cujusvis
295 1193 479 1279 privilegii,
512 1203 566 1254 aut
598 1191 836 1254 consuetudinis
869 1198 1000 1275 vigore,
1033 1196 1141 1272 alicui,

124 1281 180 1365 qui
202 1280 350 1345 beneficii
368 1277 563 1342 ecclelialtici
585 1277 724 1360 recepti,
756 1277 821 1338 live
849 1281 1028 1365 recipiendi
1051 1302 1142 1344 occa-

123 1369 211 1428 lione
241 1376 378 1429 arctatus
411 1386 478 1427 non
507 1360 628 1437 fuerit,
661 1361 844 1426 concedere.
899 1367 936 1428 st
963 1371 1054 1430 secus
1076 1369 1162 1452 fiat„

123 1453 298 1535 capitulum
339 1450 586 1512 contraveniens
618 1448 819 1510 eccleliastico
851 1453 1018 1534 subjaceat·
1038 1455 1142 1517 inter-

123 1534 229 1599 dicto:
260 1547 293 1598 et
313 1535 354 1598 lic
373 1533 530 1612 ordinati,
561 1535 585 1595 fi
606 1531 643 1595 in
664 1535 843 1596 minoribus
872 1537 1041 1600 ordinibus
1064 1561 1142 1601 con·

122 1619 223 1684 ttituti
246 1617 385 1697 fuerint,
406 1622 498 1683 nullo
519 1617 695 1706 privilegio
717 1621 873 1697 clericali,
895 1627 1085 1708 praesertim
1107 1625 1142 1686 in

124 1707 362 1782 criminalibus,
383 1704 557 1786 gaudeant:
588 1706 624 1768 in
648 1705 820 1787 majoribus
840 1728 934 1787 vero,
961 1712 1001 1771 ab
1023 1732 1143 1774 execu-

124 1791 219 1856 tione
241 1792 413 1868 ordinum,
444 1791 484 1855 ad
506 1793 587 1856 bene
608 1790 763 1876 placitum
785 1785 887 1861 futuri
908 1795 1064 1881 praelati,
1083 1797 1144 1863 tint

124 1875 197 1963 ipio
214 1879 284 1964 juro
304 1875 458 1964 suspeufi·

454 2052 474 2067 ''
546 2046 627 2114 Gar.
648 2047 717 2117 XI.

125 2158 346 2256 [Facultates
366 2164 410 2233 de
426 2134 662 2256 promovendo¹
670 2165 749 2257 fine
767 2165 864 2256 justo
884 2165 994 2257 causa
1013 2168 1147 2235 nemini

483 2247 766 2341 suffragantum]

188 2370 366 2436 Facultates
387 2369 427 2435 de
451 2372 676 2456 promovendo
698 2395 716 2434 e
738 2393 953 2459 quocumque,
986 2396 1056 2438 oon
1076 2370 1145 2439 luf-

127 2450 302 2535 fragentur,
333 2458 393 2519 nisi
416 2458 607 2518 habentibus
630 2458 808 2536 legitimam
830 2465 962 2535 caulam,
986 2463 1026 2522 ob
1051 2483 1143 2549 quam

128 2544 312 2627 apropriis
342 2542 502 2627 episcopis
526 2542 670 2603 ordinari
692 2565 757 2605 non
781 2546 915 2628 pol'liut,
956 2548 991 2608 in
1024 2548 1143 2609 litteris

127 2625 389 2710 exprimendam:
424 2637 456 2686 et
478 2636 552 2686 tunc
574 2648 641 2689 non
664 2627 870 2705 ordinentur,
892 2629 915 2710 ¹)
932 2632 990 2693 nili
1011 2634 1050 2694 ab
1067 2635 1144 2717 'epi-

126 2710 241 2797 scopo,
262 2713 298 2774 in
318 2710 371 2774 lua
391 2709 528 2772 dioecesi
548 2711 724 2790 reddente,
755 2727 807 2777 aut
829 2736 888 2800 pro
909 2735 948 2777 eo
971 2718 1144 2804 pontifica-

127 2797 170 2861 lia
189 2808 377 2875 exercente,
399 2807 432 2861 et
454 2793 608 2877 diligenti
627 2798 762 2885 praevio
784 2801 945 2864 examine.

545 2978 624 3046 Gar.
647 2981 731 3048 XII.

124 3096 315 3181 [Facultos
336 3097 378 3165 de
398 3121 466 3164 non
481 3103 711 3189 promovendo
732 3126 866 3170 annum
887 3127 955 3169 non
973 3106 1143 3191 excedat]

193 3219 374 3285 Facultates
396 3219 437 3285 de
460 3244 529 3287 non
548 3226 794 3310 promovendo,
817 3224 856 3314 ¹¹¹)
870 3238 1089 3315 praeterquam
1108 3230 1144 3294 in

128 3304 346 3386 cafibusa12)
370 3306 439 3390 jure
460 3311 634 3398 expreifis,
663 3311 842 3394 cometiae,
874 3312 913 3377 od
935 3333 1056 3380 annum
1076 3328 1144 3379 tan.

127 3402 199 3455 tum
218 3392 441 3475 suffragentur.
1050 3420 1056 3443 ··

163 3611 192 3675 9)
207 3608 274 3690 licet
291 3611 364 3667 saed.
382 3642 418 3660 -ν
460 3615 508 3678 10)
526 3612 730 3681 dispensatione
751 3615 829 3674 Bria.
848 3646 884 3657 -
927 3619 975 3687 11)
993 3580 1079 3674 eliam
1095 3638 1144 3677 ⁰¹¹¹·

164 3683 253 3739 Brtx.,
273 3682 357 3750 Virri,
377 3685 471 3738 Rbem.
490 3712 527 3725 -
563 3687 610 3752 12)
630 3705 646 3739 a
664 3706 713 3738 om·
734 3689 800 3742 Ven.

164 3787 195 3857 tr)
215 3786 281 3844 Sett,
299 3790 406 3845 Xthl.
425 3792 459 3846 tle
477 3791 592 3848 reform.
610 3811 634 3848 c.
653 3801 696 3854 10.
713 3823 749 3834 -
783 3796 809 3864 l)
826 3794 893 3852 Seli.
907 3799 958 3853 vt.
977 3798 1013 3853 de
1030 3799 1146 3854 reform.

166 3877 191 3913 c.
209 3865 251 3927 5,,
275 3860 335 3917 tert.
364 3865 444 3919 xlv.
469 3863 503 3918 de
527 3863 640 3919 reform.
666 3883 689 3920 c.
714 3873 741 3926 2.
759 3894 791 3906 -
843 3869 883 3936 ru)
909 3869 1027 3939 Gregor.
1053 3872 1092 3925 X.
1114 3875 1147 3924 in

172 3948 252 3985 conc.
271 3932 361 4004 Lugd.
379 3934 415 3992 ll.
441 3943 564 4001 ceu-13.
583 3935 653 4002 (vid.
677 3937 757 4007 lupra
776 3954 801 3995 o.
819 3941 868 3995 tlt.
890 3952 947 4002 oot.
966 3943 1028 4012 ωδ
1053 3941 1146 4000 sonu,
