2528 4522
483 297 588 397 Iudex
608 300 803 403 binarius.

1083 317 1151 388 lbi

169 466 213 517 De
229 481 296 518 cura
310 482 361 537 pro
378 471 492 551 mortuis
503 475 622 553 prendo
661 475 696 532 Τ.
714 477 758 535 X:
793 483 837 534 De
860 493 1031 551 peccatorum
1048 492 1153 551 meritie

167 535 372 730 Βσὶιὲὶιῗοίρῖἑηα
388 576 541 683 Christiana
559 580 620 671 ένα-Ι

203 699 217 730 C
232 699 248 729 a
264 699 304 733 us·

167 752 388 873 InDAppendIcee
415 755 458 806 De
486 756 620 831 diligendo

229 842 268 877 eo.

165 892 367 949 Meditationee.

166 966 209 1013 Dc
226 963 398 1030 salutaribue
416 965 587 1028 documentie.

165 1038 213 1084 De.
227 1053 291 1087 cera
308 1046 336 1086 et
348 1036 431 1107 falfa
440 1043 618 1107 poenitentia.

163 1107 215 1225 ch
222 1106 377 1171 cifitatione
400 1110 566 1179 infirmorum
583 1113 619 1166 li·

216 1179 241 1227 ri
257 1181 298 1233 Il.

164 1249 207 1297 De
224 1249 383 1301 rectitudine
392 1252 541 1307 catholicae
553 1273 617 1309 con-

200 1317 369 1387 vcrfow'mie.

164 1390 207 1438 De
227 1401 361 1444 contemtu
379 1392 479 1452 muntii.

160 1461 299 1515 ,Sermones
309 1463 347 1512 ad
355 1463 466 1532 fratree
482 1465 511 1518 in
523 1462 617 1522 eremo'.

127 1529 161 1586 T.
181 1532 246 1586 vlle
265 1536 307 1584 De
325 1534 437 1586 civitate
450 1538 504 1588 Dei
522 1548 617 1591 contro

197 1607 325 1675 Paganoe
344 1604 406 1657 libri
422 1609 524 1665 XXII.
589 1620 610 1641 ·’

127 1675 246 1730 ch111=
264 1679 305 1726 De
315 1676 615 1750 haerestbueatlQuod·

197 1746 336 1798 oultdcum
353 1747 427 1804 liber.

116 1838 119 1857 ι
165 1821 313 1870 Tractatue
339 1817 470 1889 adversae
486 1819 614 1874 iudaeae.

161 1890 204 1939 De
221 1887 343 1941 utilitate
360 1891 483 1943 credendi
500 1891 539 1944 acl
553 1894 614 1945 Ho-

195 1971 320 2019 noratum
336 1961 411 2018 liber.
602 1976 605 1983 '

161 2033 262 2083 Contra
274 2035 334 2096 Fau
333 2033 413 2099 stum¹
422 2032 614 2087 Manichaeum

196 2102 258 2154 neri
276 2106 425 2159 xxxut.
482 2160 485 2169 ,

163 2175 262 2225 Contra
279 2172 467 2241 adversarium
492 2172 560 2245 legit
586 2183 615 2226 et

194 2245 387 2311 prophetorum
407 2242 469 2295 libri
484 2247 525 2299 ΙΙ.

162 2317 262 2367 Contra
283 2311 432 2384 sermionem
448 2315 615 2368 Arionorum

196 2384 270 2440 libere

162 2456 261 2507 Contra
288 2454 468 2508 Maximinum
492 2453 613 2509 Ariano-

195 2546 254 2578 rum
272 2526 432 2597 Episcopum
450 2524 512 2578 libri
529 2529 571 2582 ΙΙ.

160 2600 201 2648 De
210 2596 345 2664 ¹trinitate
357 2597 419 2651 libri
435 2601 467 2651 X
470 2600 503 2656 V.

123 2669 157 2724 T.
167 2671 221 2722 lx:
233 2674 339 2733 ,contra
351 2670 561 2724 Parmenianum
575 2667 611 2721 li·

194 2740 235 2793 bri
250 2745 307 2793 ΙΙΙ.

157 2814 200 2863 De
219 2811 350 2882 baptismo
377 2820 473 2873 contra
489 2809 608 2865 Donati-

191 2882 250 2948 stae
266 2884 329 2936 libri
349 2886 414 2941 VII.

160 2954 259 3003 Contra
274 2954 382 3007 litteras
397 2952 530 3007 Petiliani
547 2951 609 3006 libri

156 3092 281 3163 Epistola
296 3093 334 3144 ad
349 3095 499 3148 Catholicae
516 3102 617 3148 contra·

191 3166 370 3233 ‘Donatista-5,
395 3167 477 3235 vulgo
497 3166 528 3217 de
547 3166 611 3218 uni-

192 3244 253 3287 tate
270 3236 406 3302 Ecclesiae
421 3236 495 3294 liber.
582 3249 590 3259 ⁸

156 3304 258 3359 Contra
276 3305 440 3376 Cresconium
450 3306 610 3381 grammati-

191 3395 251 3429 cum
268 3380 441 3446 Donatistam
457 3380 520 3434 libri
537 3383 555 3441 l
558 3378 582 3427 V
580 3413 589 3432 .

156 3449 473 3507 Breciculuecollationie
485 3469 544 3505 cum
550 3452 608 3502 Do·

191 3522 312 3590 natistie.

731 561 760 601 ct
777 554 919 623 remiffione
933 568 961 609 et
976 559 1008 610 de
1019 558 1152 632 baptessmc

728 625 906 690 paruulorum
942 630 994 685 ael.
1009 635 1152 690 Marcelli-

730 709 794 745 num
811 695 874 750 libri
888 702 947 756 ΙΙΙ.

696 780 739 830 De
755 794 857 836 natura
885 795 913 838 et
935 791 1031 860 gratia
1055 805 1149 848 contra

643 894 664 925 ,Ι
730 857 881 925 Pelagium,
901 860 939 911 acl
958 862 1104 930 Timafium
1121 877 1150 920 et
1172 895 1176 908 ι

730 927 859 981 Jacobum
877 929 951 987 liber.

695 996 737 1046 De
762 1000 926 1071 perfectione
946 998 1074 1073 justitiae
1100 1009 1150 1062 lco-

731 1071 823 1138 minie‚
854 1072 982 1141 epistola,
1007 1076 1059 1145 seu
1082 1078 1150 1133 liber

730 1143 769 1194 ad
786 1144 948 1213 Eutropium
975 1157 1002 1198 et
1019 1150 1150 1209 Paulum.

694 1234 738 1286 De
753 1231 837 1303 gestie
863 1228 971 1306 Pelagii
996 1237 1043 1291 acl.
1057 1240 1151 1293 Aure·

726 1302 794 1356 liurn
810 1301 885 1360 liber.

692 1394 736 1445 De
752 1393 847 1464 gratia
866 1382 968 1460 Christi
993 1404 1020 1446 et
1039 1394 1072 1448 de
1086 1417 1152 1468 pec-
1205 1408 1212 1427 ¹

727 1475 791 1516 coto
808 1463 936 1534 originali
954 1477 1049 1519 contra
1064 1471 1150 1522 Pela-

724 1532 819 1607 giam,
844 1534 883 1587 ad
898 1535 1042 1601 Albinam,
1068 1542 1150 1593 Pini-

726 1624 825 1668 anum,
866 1615 896 1658 et
922 1608 1072 1662 Melaniam
1111 1613 1147 1665 li-

728 1676 770 1729 bri
786 1680 828 1733 ΙΙ.
910 1715 914 1720 -

692 1765 736 1833 De
753 1762 858 1833 nuptiis
880 1775 909 1818 et
933 1769 1147 1840 concupiscentia

691 1882 695 1887 .
727 1837 766 1888 ad
786 1836 920 1890 Valerium
937 1838 1001 1893 libri
1017 1845 1057 1900 ΙΙ.

692 1925 735 1977 De
751 1916 842 1976 anima
855 1935 882 1976 et
892 1929 952 1993 ejece
968 1928 1069 1998 origine
1082 1947 1147 1983 con-

728 2005 773 2047 tra
813 1996 981 2050 Vincentium
1015 2000 1147 2055 Victorem

724 2064 787 2119 libri
803 2069 856 2120 IV.

691 2156 792 2206 Contra
816 2153 886 2206 duae
911 2154 1038 2223 epistolae
1062 2159 1146 2210 Pela·
1185 2200 1187 2205 .

663 2227 671 2253 ’
724 2223 882 2293 gisinarum,
906 2224 1011 2278 licead
1028 2227 1147 2301 Bonisa-

727 2293 812 2357 cium,
830 2294 892 2346 libri
914 2297 962 2349 VI.

691 2382 791 2441 Contra
808 2382 949 2434 Julianum
964 2384 1146 2453 baerestePc-

725 2451 853 2522 logionae
881 2453 1046 2527 defensorem
1082 2453 1148 2512 libri

688 2525 841 2665 Dengsiatia
860 2604 898 2648 'et
922 2595 1004 2652 libero
1029 2599 1144 2654 arbitrio

722 2667 762 2716 ac
780 2665 952 2729 Valentinum
973 2680 999 2722 et
1018 2690 1077 2724 cum
1095 2674 1155 2733 illa¹

720 2738 861 2791 monachos
868 2739 1060 2795 Adrumetinoe
1067 2743 1143 2801 liber.

682 2827 726 2879 De
752 2827 914 2896 correptione
938 2838 967 2880 et
983 2830 1079 2901 gratia
1103 2831 1143 2882 ati

720 2899 822 2951 eaedem
838 2898 913 2953 liber.

686 2976 1142 3059 Depraeciejlinationcsanctorum

721 3060 759 3182 {ug
775 3055 938 3128 Prosperum
955 3067 983 3110 et
1001 3058 1142 3113 Hilarium

733 3150 741 3181 ι
759 3148 797 3185 er.

686 3223 729 3275 De
756 3219 823 3272 dono
855 3216 1071 3289 perseuerantiae
1102 3219 1142 3273 ati

719 3290 820 3343 eoetlem
838 3288 913 3347 liber.

686 3382 787 3432 Contra
808 3377 956 3446 secundom
971 3362 1141 3434 Julianire-

716 3448 911 3520 fponstonem·
954 3449 1141 3521 imperfectum

674 3594 678 3607 Ι
720 3520 852 3592 opue‚see
863 3520 945 3575 libroe
957 3523 1139 3593 complectere.

193 3657 344 3711 Bitonem
360 3656 471 3726 epistola
489 3659 515 3713 ie
535 3659 560 3713 le
577 3658 671 3713 Petrae
682 3654 814 3724 apostolici
835 3654 876 3710 ed.
891 3656 910 3709 J
917 3670 941 3709 ο.
960 3656 1059 3725 nupt.
1080 3655 1140 3707 Co-

119 3731 281 3782 tcieriue.
318 3730 396 3783 Amst.
415 3732 494 3786 1724.
513 3730 559 3784 toi.
576 3729 629 3782 five
646 3730 671 3782 in
692 3730 713 3780 l:
739 3729 789 3780 SS.
809 3727 915 3781 Petrum
935 3729 1140 3796 Apostolicorum

120 3801 311 3862 Barnabae,
339 3803 468 3862 Hermae,
494 3803 651 3868 (lienteum,
677 3799 785 3865 Ignatii,
810 3799 963 3868 Polycetpi,
996 3813 1139 3883 operagc-
1165 3836 1172 3849 ,

120 3875 212 3935 nuine3
230 3890 282 3925 utta
300 3889 359 3926 com
376 3874 469 3939 lgetetii
488 3881 515 3927 et
532 3873 669 3940 Polycetpi
688 3870 831 3935 martyriisc
851 3870 1008 3924 vernonium
1025 3879 1138 3935 antequa

119 3961 150 3995 oc
169 3947 370 4006 recentioribus,
387 3947 542 3999 variantibus
555 3942 725 4005 laniatione,
755 3942 905 4008 selectisque
924 3943 1050 3994 veriorum
1068 3941 1138 3992 notie

117 4016 250 4072 illustrate.
288 4019 453 4073 Aceetreeont
470 4020 501 4072 S.
519 4017 613 4085 ignatii
632 4016 768 4085 epistotae,
795 4020 849 4066 tum
868 4015 1052 4083 interpolatae,
1079 4019 1134 4065 tum

738 4176 744 4191 Ι
793 4112 853 4164 Ft·
