2528 4522
299 247 500 321 Decretum
528 248 574 319 de
600 248 876 332 reformatione,
1023 265 1096 345 11¹5

501 429 582 497 Car.
603 430 666 497 VI.

72 532 272 623 [Imperitia
302 530 469 619 paroeat·
504 520 633 598 vicarii
649 529 842 622 -uffiguotu
873 544 979 622 porte
1008 534 1100 623 sru-
1162 607 1164 611 Α

72 629 195 686 aluum
212 639 281 706 pro
302 626 455 705 tempore
473 615 706 704 deputentnr:
730 619 769 680 in
787 618 958 703 scandolo
973 621 1101 711 perse-

243 713 404 769 verantea
421 701 564 790 privari
582 697 758 788 beneficiio
778 699 928 792 poffint]

138 821 277 913 Quiaj)
285 825 458 901 illitterati,
480 835 512 888 et
526 823 675 911 imperiti
691 825 1098 910 parochialium-ecclesu-

69 932 145 975 rum
181 923 322 975 rectores
352 911 449 974 sacris
476 910 586 975 miuus
615 911 685 995 apti
713 915 787 977 suut
816 910 950 990 officb,
983 916 1097 980 etalii

67 1007 208 1085 propter
236 1018 348 1060 eorum
384 997 471 1059 vitae
506 995 744 1082 turpitudinem
777 998 888 1082 potius
923 1000 1109 1081 destruunt,

67 1100 177 1170 quam·
191 1083 378 1161 aedificant3
400 1083 562 1167 episcopi,
595 1082 694 1145 etiam
726 1092 885 1168 tamquam
905 1087 1095 1172 apostolicae

67 1168 156 1233 sodis
181 1157 332 1248 delegati,
351 1166 476 1237 eisdem
496 1168 686 1245 illitteratis,
710 1178 743 1230 et
764 1167 948 1252 imperitia,
968 1172 992 1236 Ii
1014 1173 1122 1237 aliae·

67 1253 222 1332 honestae
244 1255 330 1317 vitae
350 1254 427 1330 fiut,
450 1252 665 1336 coadjutores,
686 1264 740 1315 aut
762 1254 904 1316 vicarios
926 1278 987 1342 pro
1007 1269 1095 1321 tenr-
1181 1312 1188 1318 .

67 1360 153 1427 pore
176 1341 352 1426 deputare,
387 1351 574 1424 partemque
596 1333 759 1401 fructuum
779 1338 901 1402 eisdem
923 1364 983 1428 pro
1005 1341 1095 1406 suffl-

67 1426 174 1490 cienti
199 1428 287 1489 victu
320 1423 492 1503 assignare,
537 1424 590 1486 vel
629 1423 723 1509 aliter
754 1423 929 1510 providere
962 1429 1094 1513 possint,

67 1532 268 1598 quacumque
289 1510 526 1596 appellatione,
555 1521 586 1570 et
607 1509 815 1593 exemptione
837 1521 973 1574 remota.
1026 1510 1093 1576 an

68 1616 171 1675 vero,
206 1597 262 1685 qui
299 1596 455 1679 turpiter,
488 1605 521 1657 et
551 1592 730 1658 fraudatore
762 1596 898 1674 vivunt,
930 1586 1093 1684 p'ostquatn
1125 1590 1128 1603 ¹
1204 1624 1208 1631 ·

95 1683 272 1759 raernoniti
287 1675 429 1763 fuerint,
449 1691 634 1756 coerceant,
664 1700 699 1742 ac
721 1678 888 1762 castigent,
910 1694 961 1761 et,
987 1685 1010 1745 li
1032 1682 1093 1761 ad?

68 1704 134 1832 Huc
165 1766 404 1845 incorrigibiles
435 1766 471 1829 in
508 1769 561 1829 sue
593 1765 737 1853 nequitia
773 1771 1000 1852 perseverent,
1033 1791 1091 1834 eos
1123 1766 1138 1845 f

46 1855 255 1930 -beneficiis,
288 1853 378 1935 juxta
410 1847 616 1935 sacrorutuk)
647 1873 806 1914 canonum
836 1853 1091 1934 constitutiones,

67 1941 297 2025 exemptione,
322 1948 355 2000 et
384 1938 604 2024 appellatione
626 1957 822 2025 quacumque
847 1953 989 2020 remota,
1012 1940 1092 2027 ,pri-
1121 1976 1125 1987 .

65 2024 168 2093 randi
189 2023 372 2090 facultatem
393 2025 542 2090 habeant.
809 2058 812 2063 ·

332 2172 337 2183 .
364 2142 413 2219 ⁴
487 2178 568 2247 Gar.
589 2179 669 2246 Vll.

50 2283 261 2373 {Episcopi
276 2279 501 2369 transferant
530 2278 698 2367 beneficio
727 2301 771 2346 ex
795 2281 964 2372 ecclefiio,
1000 2271 1089 2370 quae

62 2379 241 2460 nequeunt
272 2365 485 2449 restaurari.-
520 2365 613 2430 aliae
640 2386 718 2432 vero
747 2368 911 2452 reparari
941 2379 1088 2434 curent:
1156 2371 1162 2392 “

302 2451 390 2541 quid
408 2442 447 2515 in
469 2449 531 2549 lcpc
542 2446 761 2537 seruandum
771 2448 851 2540 fin]

131 2572 212 2661 Cum
234 2574 315 2638 illud
337 2596 463 2662 quoque
485 2572 581 2637 valde
602 2572 777 2635 curandum
797 2573 853 2650 fit,
874 2593 917 2636 ne
937 2592 986 2649 ea,
1006 2592 1090 2660 queo

62 2661 161 2727 [acria
183 2661 369 2725 ministeriis
390 2660 495 2723 dicata
516 2662 608 2732 suut,
638 2671 822 2745 temporum
851 2658 969 2742 injuria
991 2654 1090 2724 obso-

63 2750 206 2823 lescunt,
238 2759 271 2810 et
295 2770 337 2809 ex
362 2748 530 2808 hominum
553 2745 709 2808 memorio
731 2743 904 2822 excidant3
933 2744 1088 2830 episcopi,

49 2837 165 2899 ’etiam
195 2845 352 2918 ternquatn
384 2832 575 2916 apostolicae
609 2831 695 2892 sedis
719 2829 877 2910 delegati,
910 2825 1088 2897 transferre

64 2920 186 3007 possint
209 2918 361 2981 beneficia
384 2919 558 3003 fitnplicie,
589 2917 685 2978 etiarn
707 2915 786 2996 juria
806 2922 1013 3000 patronatu,
1044 2935 1088 2979 ex

61 3006 221 3074 ecclesiia.
244 3026 322 3091 quae
347 3005 511 3078 vetustate,
533 3001 587 3064 vel
609 3001 690 3063 alias
711 3001 870 3084 collapsae
890 2998 969 3078 lint,
991 3009 1023 3061 et
1045 3002 1087 3062 ob

62 3112 176 3157 eorum
190 3088 222 3170 4)
244 3090 389 3176 inopiam
403 3097 562 3174 nequeant
583 3085 758 3160 instaurari,
782 3083 902 3146 vocatis
923 3084 977 3160 iis,
1002 3106 1088 3171 quo*-

60 3198 135 3241 rum
157 3175 302 3253 interest,
334 3177 369 3238 in
391 3173 558 3248 matrices,
591 3183 645 3234 aut
673 3173 753 3233 alias
775 3169 918 3233 ecclesiae
939 3170 1086 3234 locorum

60 3262 268 3340 eorumdem,
300 3265 355 3325 seu
391 3261 603 3335 viciniorum,
636 3257 770 3319 arbitrio
801 3259 881 3336 suo;
924 3265 1018 3343 atque
1048 3258 1086 3320 iu

98 3460 129 3533 4)
147 3481 243 3519 aarum
265 3461 350 3529 Vtut,
368 3461 460 3514 liliam.
502 3432 505 3437 Ι
588 3488 590 3492 v

95 3578 120 3641 i)
137 3574 257 3628 Gratiau.
283 3573 366 3625 Beer.
384 3570 416 3624 P.
434 3573 456 3626 l.
484 3565 543 3624 dist.
561 3573 605 3630 36.
624 3575 693 3628 c.'1.
721 3565 778 3621 dtlt.
796 3571 841 3629 38.
869 3584 893 3622 c.
912 3575 938 3626 1.
965 3567 1084 3637 Gregcr.

96 3647 180 3700 Deer.
207 3645 240 3701 L
262 3647 286 3700 l.
313 3648 354 3698 tit.
372 3648 397 3704 9.
424 3658 448 3697 c.
461 3648 511 3700 ⁴10.
541 3640 620 3694 Sexti
647 3639 727 3694 Dect.
758 3641 788 3694 l..
814 3642 835 3694 l.
862 3644 906 3694 tit.
934 3644 962 3698 6.
992 3657 1017 3694 c.
1036 3645 1083 3700 34.

64 3716 69 3723 ’
96 3716 204 3771 corion.
222 3716 314 3769 Tolet.
334 3710 408 3768 Vlll.
433 3717 540 3781 ⁶26⁵&
559 3728 584 3766 ο.
603 3716 630 3772 8.
660 3708 759 3776 (Manli
773 3712 807 3768 T.
826 3708 864 3766 X.
889 3726 916 3778 P·
936 3711 1027 3772 1216)
1048 3737 1084 3747 ···
1108 3742 1110 3747 ·

88 3789 270 3912 .la){iratian.
291 3788 373 3839 Dect.
390 3786 423 3837 P.
439 3787 473 3838 ll.
492 3781 565 3836 caus.
584 3787 626 3842 16.
645 3798 688 3849 qu,
706 3789 733 3843 7.
751 3799 775 3839 e.
793 3782 839 3844 38.
856 3782 975 3851 Gregor.
1000 3782 1083 3834 Dect.

95 3860 128 3914 1..
162 3862 195 3915 ll.
215 3864 256 3913 tit.
278 3868 304 3919 1.
331 3874 355 3909 c.
373 3861 409 3916 13
428 3854 487 3924 sqq.
505 3854 584 3908 Sexti
602 3854 686 3906 Decr.
713 3853 744 3907 L.
764 3854 797 3909 V.
816 3859 859 3908 tit.
877 3860 908 3927 9,
930 3868 954 3905 e.
973 3859 1000 3910 6.
1019 3851 1083 3904 cte-

98 3937 213 4013 meutip.
232 3930 264 4005 l..
284 3928 321 3983 V.
338 3931 425 3989 tius.
451 3943 475 3981 c.
494 3933 521 3985 2·
571 3930 573 3935 ’
1059 3965 1064 3977 .

786 4024 856 4088 ,fle
