2528 4522
127 292 179 369 ¹78
258 277 350 376 App.
364 277 391 349 1.
419 275 465 348 ad
483 273 618 347 Concil.
642 274 805 344 Trident.
856 272 939 344 Seii.
961 219 1063 344 xli.

127 490 162 532 ac
182 486 339 554 quoquam
360 473 528 550 praetextu
551 460 683 546 desuper
705 455 856 543 impediri
877 468 1058 544 nequeant3
1084 477 1142 519 ea·

128 553 201 616 dem
222 555 412 614 sacroiancta
436 548 645 623 oecumenica,
668 555 699 607 et
717 544 874 623 generalis
893 540 922 622 ὅ)
944 541 1138 604 Tridentinis

127 637 289 720 synodus,
312 634 561 722 praefidenlibus
582 636 616 695 in
638 653 674 694 ea
696 629 815 691 eisdem
834 629 1021 713 apostolicae
1043 628 1137 703 sedis,

126 726 253 804 legato,
275 733 308 784 et
327 722 449 784 nuntiis
464 719 511 801 4),
533 722 613 794 hos,
634 715 690 804 qui
707 720 895 802 sequuntur,
916 734 1055 778 canones
1077 713 1138 777 fla-

127 808 280 885 tuendos,
302 818 334 870 et
350 804 565 870 decernendos
588 803 690 867 duxit.
787 844 791 853 ,

570 974 648 1039 Gne.
672 972 696 1041 I.

129 1097 183 1181 [Si
200 1094 370 1185 prohibiti
384 1092 579 1178 ¹ascendere
607 1094 655 1156 ad
683 1091 840 1166 ordines,
869 1090 1082 1176 asceudant,
1102 1093 1140 1182 fi

291 1179 496 1253 interdicti,
506 1177 541 1268 fi
557 1174 726 1267 saepenfi,
742 1177 968 1264 puniantur]

188 1299 268 1365 Cum
290 1301 460 1377 honestius,
482 1323 516 1363 ac
537 1301 637 1363 tutius
657 1300 694 1361 fit
715 1299 1019 1381 subjecto,debi1am
1043 1319 1140 1384 prae-

126 1388 237 1472 pofitis
259 1388 472 1450 obedientiam
496 1385 730 1473 impendendo,
765 1386 799 1447 in
822 1379 973 1448 inferiori
995 1384 1141 1447 minista-

125 1475 175 1535 rio
198 1473 379 1549 deservire,
413 1493 506 1559 quam
527 1494 599 1535 cum
621 1471 874 1556 praepofitorum
896 1469 1039 1534 scandalo
1061 1491 1139 1550 gra·

127 1558 225 1622 duum
248 1560 404 1621 alliorum
427 1568 578 1644 appetere
599 1556 809 1636 dignitatem
842 1556 895 1633 ei,
921 1557 973 1620 cui
994 1559 1138 1620 ascensus

126 1642 163 1704 ad
187 1649 291 1707 sacros
313 1643 442 1706 ordines
463 1665 480 1705 a
500 1643 555 1705 suo
577 1644 737 1728 praelato,
759 1663 801 1704 ex
823 1664 1017 1728 quacumque
1036 1645 1140 1719 causa,

125 1731 222 1792 etiam
244 1731 285 1791 ob
306 1729 463 1791 occultum
483 1729 622 1804 crimen,
644 1726 886 1813 quomodolibet
906 1730 1003 1792 etiam
1026 1739 1140 1791 extra-

123 1813 315 1896 judicialiter
335 1810 433 1876 suerit
454 1813 664 1886 interdictus,
684 1826 736 1875 aut
755 1813 809 1899 qui
831 1834 847 1873 a
871 1815 935 1877 tuis
957 1814 1141 1892 ordinibus,

123 1904 177 1964 seu
200 1899 370 1980 gradibus,
406 1899 458 1961 vel
483 1897 693 1980 dignitatibus
717 1898 922 1962 acctefiasticis
943 1895 1042 1962 suerit
1064 1903 1138 1963 tus-

35 2000 39 2007 ·
124 1989 260 2070 pensum
293 1986 386 2048 nulta‘
411 1995 518 2046 contra
552 1984 648 2067 iplius
671 1983 805 2067 praelati
831 1987 1031 2048 voluntatem
1056 2007 1138 2048 con-

124 2068 204 2133 csffa
225 2070 354 2133 licentia
385 2067 424 2131 de
452 2073 485 2132 te
507 2070 694 2154 promoveri
716 2063 882 2143 faciendos
911 2070 1025 2132 autad
1050 2073 1139 2156 prio·

62 2228 66 2237 .
125 2175 177 2216 res
200 2156 348 2231 ordines,
369 2152 505 2234 gradus,
532 2164 564 2219 et
585 2154 776 2235 dignitates,
800 2156 866 2218 tiva
883 2157 1025 2220 honores
1048 2155 1138 2218 retii-

125 2240 209 2304 tutio
229 2240 428 2322 suffragetur.

555 2391 634 2458 Car.
657 2390 697 2456 ll.

125 2509 180 2594 [Si
214 2533 232 2574 e
257 2507 392 2596 ilcopns
424 2532 650 2598 quoscumque
683 2510 822 2577 ordines
853 2515 1042 2581 contulerit
1072 2516 1137 2603 fibi

126 2616 194 2661 non
215 2531 382 2689 dioclite,
409 2593 516 2657 etiam
530 2592 734 2679 familiari,
757 2598 836 2686 stne
868 2599 1022 2690 exprefflo
1053 2625 1137 2689 pro-

121 2678 198 2768 prii
227 2677 381 2769 praelata
415 2676 784 2851 coraserrslltbtdjagcetfflae
815 2682 973 2753 decretae
1003 2709 1137 2775 poenae

176 2876 248 2962 'Et,
282 2884 433 2972 quoniam
454 2887 606 2952 nonnulli
628 2890 771 2976 episcopi
804 2891 1020 2966 ecclesiarum,
1056 2914 1137 2980 quaa

125 2974 160 3038 in
195 2974 339 3060 pmtibus
372 2969 554 3036 infidelium
583 2978 768 3053 confidunt,
807 2980 892 3040 clero
916 2990 1075 3056 carernes,
1102 2990 1136 3039 'et

125 3061 248 3145 populo
272 3055 464 3134 Christiano,
497 3075 567 3120 curn
599 3054 666 3124 iere
695 3062 872 3143 vagabundi
893 3063 971 3136 fini,
1005 3074 1036 3124 er
1060 3085 1136 3148 per·

124 3158 306 3211 manentem
326 3142 432 3208 sedem
451 3164 517 3205 non
538 3145 695 3225 habeant,
726 3167 793 3210 non
813 3167 892 3234 quae
914 3145 987 3212 Jesu
1010 3145 1136 3226 Christi,

125 3233 218 3306 ¹*tsed
242 3230 363 3292 alienas
393 3249 472 3291 oves
500 3229 600 3293 inscio
629 3230 763 3318 Jtroprio
794 3233 914 3318 pastore
936 3246 1135 3319 quaerentes,

124 3314 199 3378 dum
224 3315 387 3401 perhanc
413 3318 551 3378 sanctam
581 3317 755 3396 synodum,
784 3317 816 3381 [a
836 3318 1035 3404 pontificalia
1060 3318 1136 3380 offi-

123 3401 171 3462 cia
194 3401 228 3462 in
252 3401 383 3463 alterius
404 3398 557 3476 dioecefi,
580 3403 640 3464 niti
661 3402 700 3465 da
721 3402 786 3466 loci
811 3404 968 3466 ordinarii
989 3403 1133 3490 expraii'a

123 3486 275 3562 licentia,
301 3485 387 3548 etin
409 3487 559 3568 personas
581 3486 685 3552 eidem
706 3488 869 3552 ordinario
892 3489 1041 3573 subjectas
1065 3502 1135 3554 tan-

123 3582 209 3649 turn,
230 3589 379 3634 exercere
400 3568 583 3653 prohibitos
605 3572 734 3653 vident,
756 3574 792 3638 in
812 3575 895 3656 logis
916 3571 1081 3656 fraudem,
1102 3587 1134 3638 et

124 3715 568 3730 ν--Ἣ

159 3790 188 3855 3)
207 3804 315 3844 aecum.
334 3785 361 3842 e't
379 3805 474 3858 gener.
492 3810 541 3846 om.
557 3791 616 3848 ead.
634 3819 670 3831 -
710 3792 742 3862 4)
762 3792 875 3862 praefid.
899 3820 934 3839 α-
961 3795 1068 3846 uuudie
1085 3809 1133 3843 om.

161 3864 188 3913 V
186 3861 247 3919 ird„
263 3861 356 3916 Rbem.

160 3967 187 4035 a)
205 3966 272 4022 Son.
289 3967 347 4038 huj.
366 3967 400 4022 da
419 3966 532 4024 reform.
551 3985 577 4023 c.
595 3975 621 4030 8.
639 3981 667 4026 et
683 3968 743 4026 seis.
762 3973 812 4026 VI.
829 3972 864 4037 da
881 3969 997 4026 reform.
1016 3987 1041 4025 c.
1060 3962 1086 4031 5.
