2528 4522
157 195 231 346 l86
302 256 396 359 App.
417 258 449 332 l.
472 261 520 331 etl
543 257 680 333 (tonuit
705 256 881 377 Tridepb.
924 255 1021 327 acts.
1045 252 1163 328 XXV.

155 443 292 531 ,cipalenr
313 442 449 520 habent,
476 454 571 532 atque
591 440 666 504 aliis
685 439 905 518 monasteriis,
927 442 979 504 seu
1002 437 1161 515 domibus,

155 528 193 593 in
215 531 328 615 quibus
346 530 488 606 abbates,
523 539 577 592 aut
606 528 663 589 elii
692 526 885 607 regularium
911 527 1090 611 superiores
1110 525 1163 604 ju-

155 614 376 697 risdictionem
398 615 632 700 episcopalem,
652 623 684 674 et
706 608 915 697 lamporalem
936 611 971 674 in
992 609 1163 695 parochos,

156 711 190 763 et
210 696 421 785 parochianos
442 704 610 762 exercent:
642 695 731 760 salvo
763 709 867 761 tamen
896 717 1006 760 eorum
1036 696 1164 779 episco-

155 805 272 872 porum
292 781 439 865 jur013),
473 785 529 870 qui
561 777 714 872 majorem
746 782 782 846 in
802 782 962 869 praedicta
983 782 1074 853 loca,
1109 781 1162 843 vel

154 874 305 955 personas
325 868 578 952 jurisdictionem
599 879 756 930 exercent.

573 1053 651 1118 Cre.
669 1051 751 1117 XII.
967 1114 969 1118 .

157 1172 347 1261 [Censurae
368 1171 592 1262 episcopales,
625 1182 660 1240 et
680 1171 755 1239 dies
768 1168 855 1262 sesti
881 1167 920 1234 in
949 1166 1089 1260 dioecefi
1109 1165 1167 1234 in-

290 1259 397 1338 dicti,
418 1260 600 1346 serventur
619 1259 727 1326 etiam
749 1253 1039 1342 irregularibus]

223 1379 396 1460 censurae,
424 1396 456 1448 et
486 1383 676 1464 interdicta,
709 1383 826 1448 nedum
852 1401 869 1443 a
903 1379 975 1444 sede
997 1379 1165 1467 apostolica

158 1483 320 1548 emanata,
351 1469 402 1534 sed
435 1470 531 1533 etiam
562 1472 601 1532 ab
631 1470 802 1534 ordinariis
823 1467 1039 1553 promulgata,
1072 1487 1165 1528 tiran-

158 1553 254 1616 dente
274 1556 444 1639 episcopo,
472 1576 491 1616 a
519 1556 716 1636 regularibus
746 1556 780 1616 in
809 1574 920 1614 eorurn
943 1551 1079 1616 ecclesiis
1103 1573 1166 1636 pn-

158 1640 332 1714 blicentur,
353 1652 445 1723 atque
466 1644 645 1704 serventur.
691 1639 770 1702 Dies
792 1639 889 1700 etiarn
912 1631 996 1711 sesti,
1026 1655 1106 1722 quos
1129 1635 1164 1698 in

112 1788 114 1794 ,
158 1722 293 1785 dioecesi
313 1725 364 1786 lua
388 1725 557 1786 servandos
579 1723 664 1785 idern
680 1727 849 1811 episcopus
871 1725 1092 1809 praeceperit,
1127 1723 1165 1782 ab

158 1809 320 1896 exemptis
344 1810 512 1889 omnibus,
532 1807 631 1872 etiam
651 1811 868 1892 regularibus,
889 1807 1065 1871 serventur.

563 1966 641 2042 crs.
663 1972 760 2039 xm.
824 1955 832 1979 ⁸

159 2093 425 2184 [Controversias
451 2095 493 2161 de
515 2094 759 2183 praecedentia
780 2105 960 2180 componat
979 2090 1167 2182 episcopus.

159 2178 324 2266 Exempli
356 2203 424 2244 non
454 2180 491 2243 in
511 2179 686 2263 strictiori
717 2177 882 2266 clausurn
912 2181 1083 2258 viventes,
1118 2181 1166 2244 ad

155 2276 157 2281 “
227 2263 386 2352 publicas
403 2264 622 2355 proceffiones
642 2263 801 2330 accedere
821 2264 1097 2351 compellantur]

224 2383 461 2449 controversias
494 2405 606 2447 ornnes
638 2382 678 2447 de
709 2383 943 2470 praecedentia,
976 2390 1054 2472 quae
1088 2409 1167 2473 per-

158 2475 252 2554 saepe
282 2471 423 2532 rnaxirno
452 2492 523 2532 curn
543 2468 687 2532 scandalo
710 2470 857 2531 oriuntur
880 2472 965 2533 inter
986 2473 1166 2534 ecclesiasti-

159 2576 211 2617 cas
237 2558 404 2637 personas,
436 2566 500 2616 tarn
534 2555 727 2630 saeculares,
759 2576 850 2640 quarn
882 2558 1061 2637 regulares,
1092 2580 1163 2620 curn

158 2641 194 2702 in
217 2639 465 2721 processionibus
498 2639 651 2722 publicis,
685 2649 753 2700 turn
774 2641 811 2701 in
832 2639 892 2714 iis,
926 2664 1003 2727 quae
1027 2645 1106 2704 fiunt
1127 2644 1163 2704 in

157 2721 354 2785 tumulandis
385 2721 605 2785 deiunctarurn
632 2723 838 2808 corporibus,
869 2737 901 2786 et
929 2729 964 2789 in
993 2723 1163 2792 deserenda

158 2807 319 2891 umbella,
348 2818 380 2870 et
408 2809 482 2883 aliis
510 2808 684 2883 similibus,
719 2807 901 2894 episcopus,
935 2824 1040 2874 arnota
1073 2814 1164 2875 ornni

157 2893 394 2980 appellatione,
429 2905 461 2956 et
480 2915 547 2955 non
569 2893 758 2957 obstantibus
779 2897 1045 2984 quibuscumque,
1077 2921 1164 2960 curn-

34 3027 40 3040 ,
158 2989 267 3065 ponat.
309 2975 462 3065 Exarupti
482 2991 586 3040 autern
610 3000 737 3052 ornnes,
760 2991 825 3043 tarn
850 2982 959 3045 clerici
980 2985 1164 3057 saeculares,

158 3087 251 3150 quarn
276 3067 451 3144 regulares,
471 3064 675 3150 quicumque,
696 3064 792 3127 etiam
813 3069 972 3145 monachi,
993 3068 1031 3130 ad
1054 3071 1165 3152 publi-

114 3225 118 3240 ι
159 3171 212 3211 cas
245 3150 456 3233 processiones
489 3151 608 3225 vocati,
646 3148 792 3213 accedere
831 3155 1084 3238 compellantem
1120 3155 1163 3216 iis

157 3243 282 3296 tanturn
313 3238 477 3324 exceptis,
505 3236 561 3322 qui
591 3236 628 3297 in
657 3234 806 3297 llrictiori
834 3237 974 3301 clausura
1006 3250 1162 3324 perpetuo

140 3378 142 3382 Α
157 3318 288 3382 vivunt.

562 3397 641 3465 Car.
662 3398 761 3469 XIV.
788 3396 791 3401 ¹

158 3475 355 3606 [Regaliani
385 3514 524 3604 publice
553 3515 770 3605 delinquenti
788 3542 899 3606 poena
930 3545 954 3586 a
986 3545 1051 3611 qno
1072 3525 1165 3588 irro-

552 3602 674 3688 ganda
686 3602 764 3691 stt.]

219 3725 403 3807 Regula'ris,
436 3745 503 3786 non
532 3725 673 3791 subditus
694 3728 864 3814 episcopo,
897 3724 954 3815 qui
974 3725 1058 3791 iutra
1077 3727 1159 3789 clau-

164 3861 444 3874 n——o-..a--ae-m-
454 3863 604 3874 -..wa—a..-

97 3950 108 3964 -
194 3921 241 3988 13)
258 3917 350 3988 judice
370 3918 435 3972 Ven.
