2528 4522
193 272 243 353 36
307 265 398 361 App.
425 265 451 332 l.
477 263 522 332 ad
547 262 684 331 Concil.
705 257 869 332 Trident.
920 259 1005 331 Seff.
1023 255 1106 330 vn.

196 475 240 518 ax
259 449 409 532 legitimo
430 444 639 509 matrimonio
660 455 777 520 natus,
800 453 834 506 et
855 453 956 504 aetate
978 453 1120 518 matura,
1140 462 1216 527 gra·

197 543 299 603 vitate
321 556 468 609 morum,
500 534 744 617 litterarumque
772 531 921 604 fcientia,
947 522 1042 611 iuxta
1064 530 1217 589 conllitu-

152 618 155 625 ’
198 618 514 689 tionemAlexandri
529 619 628 692 tertii,
650 638 731 702 quae
750 615 877 700 incipit,
902 614 989 678 Cum
1010 613 1048 674 in
1070 610 1216 688 cunctis,

198 708 394 774 in'concilio
415 703 668 783 Lateranenfiv)
688 703 942 789 promulgatam,
974 697 1144 784 praeditus
1168 701 1219 762 af-

198 796 349 861 fumetur.

600 1014 613 1049 ,
637 963 715 1030 Gar.
736 964 782 1033 II.

199 1091 390 1178 [Teneritas
426 1085 549 1176 plures
588 1085 806 1151 cathedrales
838 1079 1015 1170 eccleflos,
1048 1077 1219 1168 jubentur

199 1199 332 1255 omnes,
362 1181 506 1259 excepta
530 1190 602 1235 unc
624 1171 819 1254 dimittere,
845 1181 938 1235 certo
956 1166 1056 1234 modo
1077 1177 1112 1231 et
1135 1177 1220 1232 tem·

645 1282 650 1286 ·
658 1259 766 1345 pore]

268 1385 372 1449 Nemo
397 1404 593 1473 quacumque
614 1384 713 1447 stiam
736 1383 904 1466 dignitate,
926 1382 1042 1465 gradu,
1062 1392 1117 1444 aut
1130 1400 1221 1469 prae-

203 1471 383 1536 eminentia
422 1466 646 1557 praefulgens,
691 1472 802 1557 plures
840 1470 1127 1555 metropolitanas,
1172 1471 1221 1530 feu

205 1558 402 1620 cathedrales
440 1557 601 1632 ecclelias,
640 1557 675 1617 in
709 1557 855 1633 titulum,
893 1557 959 1618 five
991 1552 1221 1627 commendam,

204 1654 259 1705 aut
289 1643 355 1706 alio
389 1644 507 1729 quovis
529 1641 662 1704 nomine
696 1648 862 1718 contraw)
883 1647 1044 1706 sacrorum
1066 1657 1222 1702 canonum

202 1725 362 1804 instituta,
393 1729 557 1812 recipere,
586 1737 619 1788 et
643 1727 735 1788 timul
755 1729 894 1791 retinere
916 1727 1112 1814 praesumat:
1153 1743 1222 1786 cum

204 1812 300 1875 valde
321 1809 406 1875 felix
419 1813 456 1874 lit
477 1813 534 1875 ille
558 1812 740 1888 censendus,
764 1814 816 1875 cui
838 1835 933 1876 unam
954 1812 1113 1876 eccleliam
1135 1811 1222 1884 bene,

205 1920 240 1960 ac
262 1894 442 1974 fructuose,
472 1909 505 1959 et
531 1910 607 1958 ‘cum
635 1900 813 1960 animarum
838 1899 896 1960 fibi
917 1895 1155 1961 comrniffarum
1175 1897 1225 1956 fa·

205 1984 274 2045 lute
305 2003 419 2063 regere
446 1981 628 2061 contigerit.
694 1980 763 2064 Qui
794 1996 900 2046 autem
935 1985 1045 2069 plures
1082 1980 1223 2045 ecclelias

206 2079 317 2130 contra
343 2066 519 2153 praesentis
541 2066 662 2130 decreti
683 2079 829 2131 tenorem
851 2091 934 2131 nunc
956 2069 1120 2144 detinent,
1154 2084 1223 2139 una,

230 2172 302 2216 uam
334 2152 525 2228 maluerint,
557 2164 698 2230 retenta,
731 2155 868 2240 reliquas
898 2155 982 2215 inire
1012 2158 1068 2216 fex
1089 2157 1224 2226 menses,

207 2238 292 2317 irad
313 2239 450 2301 liberam
479 2236 563 2301 fedis
592 2240 781 2325 apostolicae
811 2240 1057 2325 dispofitionem
1079 2238 1224 2323 pertine-

207 2320 287 2401 aut,¹
313 2325 391 2386 alias
418 2317 505 2386 infra
529 2343 648 2388 annum
671 2324 836 2388 dimittere
860 2338 1043 2388 teneantur:
1078 2324 1224 2409 alioquin

207 2409 353 2472 ecclefiae
374 2410 483 2493 ipfae,
513 2408 627 2472 ultimo
650 2413 782 2475 obtenta
812 2411 978 2474 dumtaxat
999 2422 1154 2496 excepta,
1187 2429 1223 2471 eo

207 2493 278 2580 ipfo
300 2513 413 2558 vacare
434 2495 631 2562 censeantur,

637 2712 716 2779 Gar.
736 2711 798 2781 ΙΙΙ.

210 2825 414 2915 [Habititue
425 2827 615 2897 dumtaxat
624 2832 783 2921 personis
795 2828 962 2918 beneficia
972 2829 1225 2919 conferentur]

273 2947 431 3014 inferiora
453 2952 607 3016 beneficia
628 2953 825 3016 ecclefiastica
841 2950 891 3037 2),
913 2954 1101 3039 praesertim
1124 2974 1225 3018 curant

210 3037 573 3112 animarumhabentia,
605 3041 752 3124 personis
772 3041 898 3120 dignis,
931 3051 962 3102 st
985 3039 1165 3115 habilibus,
1199 3052 1227 3101 st

211 3143 290 3208 quae
313 3123 350 3184 in
371 3124 443 3185 loco
476 3123 627 3200 relidere,
661 3147 695 3187 ac
723 3147 781 3210 per
815 3132 847 3189 fe
878 3128 966 3210 ipl'os
996 3147 1104 3189 curam
1129 3128 1226 3213 ipfarn

211 3228 360 3270 exercere
388 3210 524 3284 valeant,
545 3210 634 3291 juxta
652 3211 908 3272 conflitutionern
930 3207 1114 3273 Alexandri
1134 3213 1227 3285 tertii,

211 3293 249 3354 in
277 3291 544 3374 Lateranenfi1),
579 3316 658 3381 quae
689 3297 826 3381 incipit,
862 3294 956 3377 Quia
989 3294 1172 3373 nonnulli3
1197 3306 1226 3358 st

214 3452 657 3467 m

183 3514 185 3519 ι
233 3546 281 3614 ·2)
301 3546 398 3602 ecclcf.
415 3566 465 3601 om.
484 3545 576 3614 Brix.‚
598 3549 672 3614 Vere,
694 3548 786 3618 Vird„
805 3551 897 3605 atem.

248 3656 278 3720 v)
297 3654 382 3711 Corte.
401 3655 491 3708 Later.
508 3648 557 3709 fll.
574 3673 598 3708 a.
616 3664 696 3718 1179.
725 3675 749 3714 c.
768 3666 794 3720 3.
812 3656 910 3724 (Manli
928 3658 962 3715 T.
980 3659 1075 3713 XXII.
1093 3674 1123 3726 p.
1142 3658 1225 3721 2181lt

251 3725 368 3795 Gregor.
386 3727 496 3780 Decret.
514 3726 544 3780 L.
565 3729 584 3780 l.
603 3732 645 3782 tit.
665 3731 715 3784 Vl.
733 3747 792 3797 cup.
810 3739 837 3791 7.
855 3759 888 3769 —-
926 3733 965 3798 w)
982 3729 1050 3785 serr.
1068 3730 1178 3786 xxtv.
1196 3732 1227 3782 du

249 3797 365 3852 reform.
384 3815 408 3851 c.
427 3805 469 3858 17.
489 3796 611 3852 Gratian.
631 3801 712 3854 Decr.
730 3802 762 3857 P.
781 3804 814 3856 ll.
832 3800 905 3855 cauf.
923 3811 968 3862 21.
992 3819 1040 3870 qu.
1059 3813 1084 3862 1.
1104 3818 1130 3857 o.
1148 3811 1163 3861 1
1184 3801 1229 3871 lq,

249 3867 283 3920 Ρ.
301 3871 321 3921 l.
340 3865 449 3930 drino.
470 3887 493 3921 c.
509 3875 534 3925 2.
553 3869 586 3919 al.
600 3898 637 3912 -
659 3873 690 3937 a)
707 3872 811 3928 Concil.
832 3874 953 3928 Laterau.
971 3876 1021 3928 lli.
1037 3890 1061 3927 o.
1069 3879 1115 3934 13.
1133 3874 1228 3942 (Manli

251 3940 285 3992 Τ.
302 3941 396 3998 XXII.
421 3958 448 4009 p.
463 3942 554 4004 225.);
578 3942 696 4011 Gregor.
721 3945 832 4001 Decret.
859 3946 889 4001 L.
908 3949 957 4002 lll.
983 3951 1026 3999 tit.
1045 3947 1096 4000 tv.
1125 3961 1188 4014 oap-
1204 3949 1229 4004 ³.
