2528 4522
115 215 166 284 24
238 199 332 296 App.
358 192 452 271 {sed
475 199 609 268 Concil.
635 197 803 279 Trident.
850 200 933 270 sert.
961 199 1006 269 V.

113 385 259 451 instituto
278 380 381 461 iuret,
408 394 441 448 et
464 381 701 466 negligeretur,
727 381 919 447 restituatur.
970 381 1014 449 Et
1033 389 1067 464 u)
1089 406 1132 449 ne

104 471 167 557 *tob
191 472 292 557 specie
316 464 447 556 pietatis
469 470 620 558 impietae
643 466 873 546 differuinetor,
894 469 997 533 detuit
1019 470 1155 536 eadem*

114 558 397 638 sanctasynodus,
428 558 590 620 nerninem
612 553 652 617 ad
674 555 859 637 hujusmodi
877 552 1031 619 lectiouie
1055 556 1133 619 offi-

114 644 199 707 cium
221 654 286 709 tarn
306 638 450 730 publice,
484 663 578 730 quem
607 639 763 726 privatim
791 641 1026 704 admittendum
1054 642 1134 721 elle,

114 731 172 815 qui
201 729 291 813 prius
322 732 360 792 ub
389 728 540 815 episcopo
568 726 635 789 loci
661 724 701 790 de
728 727 814 803 vita,
852 725 1061 809 moribuess),
1098 743 1132 792 et

114 816 247 878 l'cientia
272 815 494 890 examinatus,
527 826 558 875 et
585 812 779 897 approbatus
800 832 867 875 non
888 808 1009 875 suerit:
1043 813 1133 900 quod

54 910 59 937 ²
115 910 222 963 tannen
243 898 283 962 de
308 900 482 965 lectoribus
504 893 698 963 iu'claultrie
730 898 963 971 monachorum
982 919 1053 962 uon
1076 899 1134 963 in-

115 986 186 1049 telti
211 996 292 1047 etur.
635 1023 645 1037 -ι

125 1124 128 1129 .
178 1006 338 1134 [docentes
362 1090 441 1133 vero
464 1042 706 1159 iplanp'laci'am
726 1064 933 1152 scripturam,
966 1065 1044 1131 dum
1068 1090 1134 1155 pu-

110 1152 201 1232 ‘blice
231 1155 267 1239 in
287 1155 408 1218 scholis
429 1153 616 1229 docuerint,
650 1165 682 1216 et
703 1149 882 1231 scholares,
917 1154 1032 1241 quiin
1056 1153 1133 1240 ipfie

114 1240 235 1303 scholis
263 1239 403 1325 student,
436 1239 634 1326 ¹privilegiis
668 1237 817 1300 ornuibue
849 1238 888 1305 de
920 1240 1134 1325 perceptione

115 1321 292 1401 fructuum,
324 1324 593 1414 praebendarum,
625 1335 659 1386 et
687 1319 1077 1405 beneficiorumfluororn
1098 1326 1134 1389 in

116 1411 256 1556 pblentie
278 1430 295 1474 a
315 1410 570 1497 jure-communi
590 1406 764 1484 concessu,
781 1410 881 1499 plene
902 1409 1079 1492 gaudeant,
1102 1398 1136 1474 e't

133 1507 272 1561 tuentur·
310 1556 313 1563 .

527 1683 631 1750 Car.
652 1683 704 1748 ΙΙ.

115 1799 186 1895 [Dc
205 1801 302 1870 verbi
319 1803 392 1871 Dei
413 1802 713 1872 concionatoribus
736 1810 771 1866 et
791 1799 1024 1890 qrcuestoriduc
1046 1802 1138 1869 alae·
1175 1846 1177 1853 -

503 1887 742 1978 mosynnrr'r'e.]

178 2006 267 2159 {¹²3⁸
297 2016 375 2074 dero
390 2007 420 2093 9)
441 2008 634 2077 Christianae
662 2010 857 2097 reipublicae
878 2014 910 2091 V)
932 2031 998 2073 non
1023 2010 1135 2073 rniuue

115 2113 192 2157 nece
220 2097 286 2160 oria
295 2097 335 2159 est
348 2096 543 2182 praedicatio
556 2098 728 2178 evangelii,
750 2096 962 2183 querulectio,
976 2108 1008 2158 et
1018 2103 1058 2174 W)
1071 2096 1133 2159 hoc

115 2178 156 2242 est
176 2183 384 2269 praecipuum
406 2185 632 2269 episcoporum
655 2204 791 2255 rnunus;
822 2180 939 2258 floruit,
967 2193 1000 2243 et
1018 2180 1134 2243 decre-

55 2254 61 2277 '
113 2268 164 2325 rit
185 2265 295 2351 eadem
313 2271 415 2332 lancta
436 2267 599 2349 synodus,
621 2289 733 2330 ornnes
755 2267 943 2353 episcopos,
972 2267 1134 2352 archiepi-

112 2352 247 2436 scopos,
280 2352 454 2438 primates,
490 2363 522 2415 et
545 2375 658 2416 ornnes
679 2353 761 2415 elios
783 2353 980 2415 eccleliarurn
1002 2350 1135 2437 praela-

112 2443 164 2495 tos
183 2442 290 2515 'teneri
311 2441 423 2521 perse
448 2436 552 2523 ipsos,
585 2438 608 2500 fi
629 2440 775 2519 legitime
799 2436 949 2522 impediti
970 2460 1035 2500 non
1060 2433 1136 2500 fue-

113 2520 190 2595 rint,
211 2520 250 2601 ed
271 2520 672 2606 praedicandutni'uncturn
689 2523 762 2586 del'u
778 2519 893 2585 Christi
915 2522 1136 2603 evangelium.

115 2602 152 2665 Si
173 2625 253 2667 vero
275 2607 464 2687 contigerit,
487 2607 668 2691 episcopos,
684 2621 716 2671 et
738 2609 821 2670 alios
845 2609 1024 2693 praedictos
1047 2609 1135 2689 legi-

113 2689 196 2754 timo
219 2687 358 2755 detineri
379 2690 633 2775 impedimento:
661 2698 692 2769 ¹)
706 2694 794 2775 juxta
818 2688 954 2756 fonnem
971 2695 1134 2773 generalie

113 2774 267 2850 concilii,
298 2778 388 2839 viros
419 2777 556 2839 idoneos
583 2771 737 2841 offurnere
768 2790 934 2852 tenuentur
957 2777 993 2841 ad
1018 2779 1135 2862 hujue-

114 2858 204 2923 modi
236 2859 485 2945 praedicationis
518 2861 659 2926 officium
693 2865 863 2927 salubriter
896 2865 1135 2951 exequendum.

114 2943 166 3007 Si·
184 2945 256 3032 quie
277 2959 382 3011 autern
413 2949 475 3011 hoc
498 2945 677 3034 adimplere
701 2952 945 3034 contempserit,
976 2950 1133 3017 districtae

112 3028 265 3114 subjaceat
287 3031 416 3096 ultioni.
458 3027 749 3120 Archipreebyteri
771 3057 913 3122 quoque,
935 3035 1077 3122 plebani,
1099 3048 1133 3101 et

219 3136 230 3187 t

149 3264 265 3348 filmer·
282 3301 331 3338 om.
349 3281 437 3342 Brixa
457 3281 542 3340 Vtra..
561 3279 656 3338 Rham.
668 3311 704 3322 -
729 3284 760 3348 9)
778 3298 845 3335 vero
865 3302 915 3339 om.
937 3285 1022 3354 Viro,
1034 3291 1130 3350 Rhem,

149 3390 182 3456 u)
200 3390 256 3442 Leo
275 3391 312 3444 X.
336 3393 367 3443 io
384 3391 469 3448 Conc.
494 3392 620 3446 Luterau.
637 3384 674 3444 V.
691 3390 749 3445 retr.
768 3399 813 3452 11.
840 3409 864 3445 e.
883 3397 963 3452 1516.
986 3394 1020 3446 de
1045 3398 1131 3451 modo

148 3462 331 3528 praedicandi.
348 3463 444 3529 (Hard.
463 3465 497 3518 T.
506 3465 555 3517 IX.
574 3481 601 3530 p.
615 3465 705 3527 1808.)
730 3475 757 3515 et
777 3463 856 3514 Bulla
875 3462 920 3515 Pii
938 3466 987 3532 Ν.
1006 3465 1040 3519 de
1062 3485 1132 3536 pro-

148 3530 208 3586 sell.
226 3532 293 3584 fidei
313 3539 358 3594 13.
376 3533 507 3589 Decemb.
527 3540 604 3594 1564.
624 3561 659 3574 ·-
697 3534 728 3602 r)
747 3532 813 3588 Seff.
832 3534 940 3589 XXIV.
960 3536 993 3588 de
1012 3537 1130 3595 reform.

150 3620 174 3658 c.
193 3612 220 3663 4.
239 3633 272 3643 -
317 3607 354 3671 w)
378 3604 463 3660 Cone.
481 3607 572 3658 Tolet.
591 3607 641 3660 Xl.
671 3622 696 3658 c.
715 3615 741 3664 2·
759 3603 858 3668 (Manu
876 3606 910 3658 T.
923 3607 974 3660 Xl.
999 3624 1027 3675 p.
1046 3616 1133 3677 138),

84 3730 87 3736 ,
152 3675 279 3742 Carthag.
303 3676 349 3727 lV·
369 3693 392 3730 a.
411 3682 474 3738 398,
493 3694 553 3744 cap.
571 3685 614 3737 20.
632 3675 681 3740 (ib.
700 3677 734 3728 T.
752 3677 800 3728 ltt.
818 3693 845 3742 p·
864 3680 947 3744 952),
965 3681 1021 3732 Leo
1041 3683 1079 3737 X.
1099 3690 1129 3735 in

131 3745 275 3809 ‚Lateran
294 3749 330 3798 V.
350 3745 407 3801 tert.
426 3756 470 3808 11.
488 3748 522 3805 de
536 3749 619 3799 ruodo
639 3745 759 3814 praedic.
777 3748 876 3810 (ilerd.
892 3749 987 3805 T.1X.·
1000 3769 1025 3818 p.
1033 3757 1129 3822 1806.)

149 3845 184 3856 -
220 3821 251 3880 x)
269 3815 336 3871 serr.
360 3818 468 3871 XXlV.
487 3819 526 3872 'de
551 3819 664 3871 reform.
682 3828 706 3874 c.
725 3823 751 3880 lt.
768 3818 860 3883 Cone.
887 3816 1011 3879 Lateran.
1035 3826 1086 3880 [V.
1104 3842 1130 3882 c.

149 3897 192 3948 10.
210 3886 312 3956 (Maon
330 3889 363 3943 T.
380 3890 473 3944 xxlt.
492 3907 517 3958 p.
536 3895 590 3952 998
607 3888 665 3959 fq.).
966 3887 983 3925 ⁴
