2528 4522
125 284 204 366 336
350 276 446 375 App.
472 274 518 347 Il.
543 277 590 347 ad
613 274 759 347 Prosesl'.
785 275 898 345 Fidei.

126 461 286 545 religione
306 472 339 526 et
359 460 395 523 in
417 458 507 522 omni
528 458 649 544 pietate
669 479 705 522 ac
720 459 874 523 bonarum
896 457 1015 522 artium
1037 456 1141 523 sludio

126 552 327 615 instituantur
348 556 381 609 et
401 557 616 622 exerceantur,
646 557 680 606 ut
699 546 814 628 majori
836 544 963 631 polibac
983 544 1142 609 Ecclesiae

126 632 296 700 commodo
317 631 386 695 illie
400 631 437 693 ad
451 631 607 693 ulteriora
618 631 826 694 conscendere
835 634 872 694 sit
893 627 1034 694 facilius.
1071 631 1141 695 lIa-

123 723 225 785 bitum
244 730 277 781 et
299 717 458 781 tonsuram
478 717 565 798 juxta
586 717 812 802 praescriptum
826 716 980 803 Episcopi
1000 738 1065 802 pro
1090 739 1140 780 re-

127 807 236 888 gionis
248 820 338 866 more
354 797 519 865 deserant:
542 801 660 887 quodsi
675 804 772 865 etiam
784 804 977 884 generaliter
999 807 1037 865 in
1052 803 1140 883 Syn·

125 892 189 955 odo
224 889 384 952 admoniti
412 887 446 949 id
475 882 578 949 lacera
598 888 825 964 recusaverint,
857 889 949 950 nullo
980 889 1139 968 gaudeant

124 975 302 1064 privilegio
324 972 482 1049 clericali3
503 968 659 1035 siluerint
674 973 843 1055 conjugatI,
868 972 1138 1037 ConstitutioBo-

123 1057 238 1124 nisacii
261 1055 356 1122 VIII.
385 1058 426 1121 de
454 1059 524 1120 illia
555 1057 640 1120 edita
672 1060 874 1136 observetur,
907 1060 1139 1123 consuetudine

148 1148 240 1209 uarie
262 1145 360 1209 etiam
380 1144 629 1207 immemorabili
643 1144 678 1207 in
694 1146 891 1207 contrarium
904 1166 970 1207 non
990 1145 1140 1209 obstante.

125 1168 224 1317 Quod
245 1232 269 1292 si
288 1242 394 1293 autem
415 1231 453 1292 ab
475 1231 528 1292 blo
549 1231 669 1292 crimen
689 1229 819 1316 aliquod
836 1230 1137 1294 animodeliberato

124 1316 287 1381 committi
307 1315 497 1395 contigerit,
534 1316 558 1376 si
588 1315 761 1378 constiterit
784 1326 880 1378 eoe'a
902 1320 958 1377 sex
979 1317 1139 1379 mensibus

124 1414 248 1466 tantum
270 1401 415 1463 habitum
436 1411 469 1463 et
495 1403 657 1463 tonsuram
687 1400 849 1478 detulisse,
882 1401 916 1462 id
950 1397 1070 1464 lactum
1102 1403 1138 1465 in

123 1486 268 1551 fraudem
289 1492 378 1549 causa
402 1487 548 1548 evitandi
566 1482 631 1548 fori
652 1488 884 1570 praesumatur,
910 1497 943 1547 et
965 1499 1139 1574 propterea

123 1574 245 1635 fiante
265 1571 368 1633 dictor
397 1575 455 1634 sex
483 1573 605 1632 menses
629 1567 746 1634 Clerici
766 1583 855 1635 erant
876 1572 1036 1652 ordinati,
1065 1574 1138 1660 pri-

124 1659 248 1736 vilegio
271 1652 337 1718 sori
360 1655 495 1717 minime
540 1656 690 1718 otiantur.

186 1739 236 1805 Χ.
259 1738 347 1817 Cum,
369 1740 483 1801 diesne
533 1741 671 1801 lamenta
690 1738 836 1816 testante,
859 1741 1034 1811 sitmeliua
1056 1767 1138 1832 pau·

123 1845 178 1887 coa
202 1826 318 1887 babere
339 1823 508 1897 ministros,
529 1825 584 1911 qui
606 1824 702 1906 digne
720 1824 836 1909 possint
857 1830 1058 1893 commissum
1080 1834 1138 1895 sibi

122 1930 240 1973 rnunua
261 1929 421 1985 exercere,
442 1930 536 1995 quam
557 1911 676 1972 multoe
696 1911 830 1972 inutiles
847 1911 1002 1978 Ecclesiae
1024 1929 1058 1980 et
1074 1913 1139 1981 Or-

122 1994 265 2059 dinatori
285 2015 415 2077 graves,
436 1994 674 2079 providendum
694 1994 757 2057 esse
779 2000 863 2060 sacra
885 2000 1036 2082 Synodue
1060 2026 1137 2066 cen·

122 2084 170 2145 set
198 2085 291 2166 super
322 2080 475 2142 effrenato
507 2080 712 2144 Sacerdotum
741 2102 895 2162 numero,
927 2107 1007 2173 quoe
1036 2089 1137 2152 hodie

121 2160 211 2229 turba
241 2166 477 2229 contemtibilea
506 2165 631 2241 reddit3
661 2168 706 2228 ita
733 2171 860 2245 tarnen,
892 2181 927 2232 ut
957 2192 1026 2235 non
1056 2196 1137 2260 pro·

122 2258 234 2351 pt'erea
253 2252 356 2314 cultae
378 2251 585 2314 imminuatur
607 2251 749 2317 divinus.
780 2252 921 2318 Proinde
942 2268 979 2318 ut
997 2279 1034 2320 ea
1056 2281 1140 2347 quae

120 2359 184 2420 pam
205 2340 240 2400 in
260 2337 370 2400 eadem
388 2336 519 2417 Synodo
538 2342 643 2400 sancte
663 2348 695 2400 et
724 2338 891 2402 salubriter
910 2344 1028 2406 sancita
1052 2351 1136 2421 sunt,

121 2418 239 2512 majori
270 2444 340 2483 cum
378 2416 481 2483 fructu
518 2423 715 2486 exsecutioni
750 2424 999 2504 demandentur3
1031 2429 1136 2494 statuit

122 2504 285 2569 Cononem
315 2506 440 2568 sextum
469 2504 610 2569 Concilii
635 2507 914 2584 Chalcedonensis,
949 2513 1058 2599 aliqua
1092 2538 1135 2581 ex

120 2602 212 2676 parte
234 2589 434 2664 innovando,
460 2602 494 2651 ut
517 2589 681 2655 Ordinatio
703 2596 858 2658 etiamad
879 2597 1008 2661 titulum
1032 2604 1134 2686 patri-

121 2675 227 2737 monii
254 2687 337 2735 certa
365 2675 403 2735 ab
423 2671 582 2762 Episcopo
610 2677 801 2743 adscribatur
822 2680 972 2762 Ecclesia,
1002 2685 1038 2748 in
1071 2709 1134 2773 qua

120 2760 238 2845 possint
269 2754 362 2839 fungi
392 2761 458 2822 suia
485 2764 686 2840 muneribus,
717 2785 760 2828 ne
782 2788 854 2830 cum
875 2768 1006 2832 ordiner
1026 2775 1134 2835 suece-

120 2847 229 2930 perint
252 2845 486 2922 eccleliaslicoa,
515 2848 647 2912 incertia
670 2865 824 2929 vagentur
843 2852 980 2917 sedibus.
1032 2854 1133 2941 Quod

120 2933 144 2992 si
165 2932 272 2995 locum
294 2930 471 2994 inconsulto
494 2930 654 3021 Episcopo
675 2935 887 3014 deseruerint,
908 2942 950 3002 ise
971 2944 1132 3009 sacrorum

122 3019 309 3102 operatione
330 3029 363 3079 et
384 3019 539 3080 exercitio
568 3018 789 3098 interdicatur,
821 3046 879 3086 nec
901 3028 938 3086 ab
957 3027 1025 3090 ullo
1047 3028 1132 3116 Epi-

31 3138 35 3147 ‚
120 3103 215 3186 scopo
239 3105 354 3185 absque
373 3103 492 3165 litteris
514 3106 782 3169 commendatitiis
804 3113 1007 3195 recipiantur.

183 3185 248 3250 XI.
269 3186 385 3251 Clerici
406 3210 477 3250 oum
499 3193 612 3253 aetatis
624 3204 716 3253 erunt
738 3194 964 3289 legiti1nae,et
986 3199 1031 3259 ita
1048 3220 1131 3284 pro-

120 3265 271 3348 secerint,
308 3286 343 3335 ut
375 3274 486 3336 saltem
518 3276 651 3338 latinam
680 3277 823 3357 linguam
857 3283 1058 3364 intelligant,
1095 3296 1131 3348 et

119 3357 224 3438 prima
258 3360 293 3420 in
323 3359 480 3439 religione
502 3361 666 3424 christiana
688 3363 817 3444 jecerint
846 3363 1065 3441 fundamenta,
1089 3371 1129 3433 ad

120 3453 254 3526 quatuor
285 3444 428 3507 minores
467 3446 597 3510 ordinae
633 3447 837 3526 adscendent,
885 3455 940 3540 qui
973 3457 1017 3517 iis
1059 3477 1128 3520 non

119 3525 232 3587 eodem
253 3540 422 3604 contextu,
451 3532 503 3593 sed
525 3532 680 3611 gradatim
705 3555 763 3617 per
784 3546 964 3623 temporum
985 3542 1129 3604 intersii-

117 3611 182 3687 tia,
204 3611 264 3671 nisi
282 3615 368 3676 aliud
390 3614 548 3701 Episcopo
573 3620 675 3702 ruagie
693 3622 847 3704 expedire
869 3623 1025 3697 videatur,
1047 3649 1127 3690 con-

118 3694 278 3771 ferantur,
313 3711 347 3759 ut
373 3721 411 3760 eo
434 3704 608 3766 accuratius
636 3717 787 3788 qtrautum
808 3710 846 3769 sit
864 3711 955 3792 hujus
978 3711 1127 3798 discipli-

116 3803 176 3846 nae
197 3781 323 3867 pondua
345 3784 462 3868 possint
482 3788 617 3864 institui,
649 3810 683 3850 ac
710 3791 746 3853 in
775 3815 965 3882 unoquoque
992 3818 1125 3861 munere

116 3871 149 3929 se
169 3879 350 3944 exerceant,
371 3869 458 3950 juxta
479 3895 515 3935 ea
536 3896 615 3959 quae
636 3876 674 3935 ab
691 3873 860 3964 Episcopis
877 3882 911 3942 in
933 3902 1046 3945 eorum
1068 3907 1124 3946 or-

117 3951 278 4017 dinatione
298 3954 366 4016 illia
388 3956 613 4038 iujunguntur,¹
643 3960 740 4048 idque
771 3963 807 4027 in
834 3986 871 4028 ea
901 3967 953 4028 cui
971 3967 1124 4056 adscripti
