2528 4522
30 266 36 273 ·
134 290 137 295 ·
245 228 249 235 ¹
311 245 508 323 Decretum
536 253 592 324 da
607 249 881 326 reformatione
938 268 941 273 “
1024 267 1098 341 205

91 446 196 501 tentae
227 435 470 517 intelligantur:
508 447 574 500 nott
603 437 740 502 obliante
770 457 964 524 quacumque
991 413 1101 504 iniis

88 525 257 588 verborum
280 519 403 598 forano,
437 522 488 584 lau
510 522 732 603 derogatione,
765 544 844 608 quaa
868 523 1018 587 habeatur
1039 525 1113 610 pro⁴

66 608 258 692 ¹erpi-ella:
289 631 346 671 nec
379 609 564 670 executioni
597 612 745 694 amptius.
768 609 1016 687 daruandentor3
1048 610 1102 674 l'ed

90 697 244 756 beneficia
267 694 334 778 ipsa
357 696 461 771 mrito,
482 716 554 755 cum
577 697 779 769 vacaverint,
800 696 921 770 libare,
944 707 978 756 ut
999 710 1103 771 antea,

89 777 307 842 certiorantur.
360 787 396 854 Χ)
410 776 501 861 Quae
527 800 603 841 vero
629 801 646 840 a
675 779 882 865 quadraginin
904 782 996 843 armis
1022 784 1102 844 citra

89 861 208 940 sactae,
242 865 390 927 effectum
412 877 443 926 et
463 866 590 948 plenam
613 864 905 948 incorporationem
928 869 1000 927 lunt
1022 889 1104 929 con-

89 951 226 1026 secutae3
259 952 320 1012 hae
351 951 568 1011 nibilominus
601 953 638 1011 ab
666 951 855 1027 ordinariis,
893 963 1049 1036 tamquam
1083 971 1103 1014 a

89 1037 163 1100 l'ade
186 1036 353 1120 apoliolica
377 1035 547 1114 delegatis,
570 1036 790 1111 revideantur,
811 1047 844 1097 at
859 1039 1104 1110 exaruinenturt

90 1143 125 1183 ac
151 1143 232 1207 quaa
262 1144 317 1205 per
344 1121 604 1205 subreptionem,
637 1122 689 1182 vel
712 1122 934 1204 obreptionem
956 1125 1105 1187 obtentae

91 1203 233 1282 luerint,
266 1209 356 1268 limul
383 1229 454 1271 cum
489 1205 663 1268 unionibus
685 1207 795 1267 irritae
817 1206 1035 1285 declarentur3
1068 1229 1106 1269 ac

92 1294 245 1354 beneficia
267 1294 333 1376 ipl'a
353 1296 566 1376 separentur,
588 1304 619 1352 et
645 1292 720 1352 aliis
742 1287 959 1354 conferantur.
1003 1293 1106 1355 Simi-

93 1380 167 1439 liter
189 1399 314 1463 quoque
336 1390 518 1460 patronatus
536 1376 724 1462 quicumque
747 1379 780 1438 in
806 1378 954 1452 ecclesiis,
977 1390 1009 1440 et
1031 1379 1108 1464 qui-

93 1466 285 1547 buscumque
318 1464 392 1523 aliis
422 1463 604 1536 benefidis,
645 1466 742 1524 etiarn
773 1461 982 1542 dignitatibus
1014 1476 1109 1526 antea

95 1549 227 1622 liberis,
259 1548 401 1633 acquiliti
420 1569 439 1608 a
462 1547 668 1631 quadraginta
688 1548 781 1609 annis
809 1549 909 1624 citra,
942 1547 1031 1610 etin
1053 1545 1069 1610 l'
1090 1581 1109 1596 -

95 1644 202 1695 turum
225 1631 425 1717 acquirendi,
449 1636 501 1696 leo
523 1653 565 1695 ox
587 1644 779 1712 augumento
798 1630 850 1716 28)
864 1633 969 1709 dotis,
990 1635 1043 1696 leo
1064 1655 1109 1698 ex

94 1740 181 1782 nova
203 1719 450 1794 constructione,
471 1719 525 1779 vel
546 1718 610 1780 ulia
631 1718 852 1793 limiricensi,
874 1718 973 1780 etiarn
995 1731 1110 1783 aucto-

95 1805 192 1866 ritate
212 1802 295 1877 ledia
316 1802 522 1887 apostolicae,
548 1805 586 1865 ab
615 1802 731 1865 iisdem
757 1803 951 1882 ordinariis,
980 1807 1029 1872 uti
1049 1804 1110 1868 de-

95 1889 229 1970 legatis,
252 1901 286 1950 ut
306 1882 419 1973 l'upra‘,
448 1888 504 1973 qui
525 1889 645 1950 nullius
666 1888 777 1952 inhia
800 1884 1022 1970 facultatibus,
1054 1901 1110 1953 aot
1152 1901 1155 1906 “

95 1975 282 2060 privilegiis
315 1973 553 2057 impediantur,
592 1971 765 2054 diligenter
792 1975 1039 2054 cognoscantur:
1076 1987 1111 2039 et
1196 1979 1199 1988 '

96 2082 179 2146 quos
203 2083 269 2122 non
290 2060 485 2145 repererint,
518 2061 558 2118 ob
588 2060 730 2121 maxima
752 2059 934 2123 evidentem
954 2063 1112 2145 eccleliae,

95 2149 152 2208 vel
176 2146 339 2222 beneficii,
368 2150 421 2206 l'eu
442 2143 610 2223 dignitatis
631 2144 841 2207 nacallitateur
864 2145 1008 2224 legitime
1031 2156 1112 2210 con'-

94 2231 223 2293 llitutoa
245 2228 321 2304 elie,
354 2230 389 2290 in
411 2239 524 2291 ‘toturn
555 2239 729 2305 revocant3
760 2239 853 2313 atque
875 2232 1026 2292 beneficia
1047 2234 1113 2294 hu-

96 2313 239 2400 jusmodi
260 2315 325 2376 line
346 2312 462 2374 damno
488 2312 547 2374 illa
570 2304 814 2395 polfidentium,
837 2325 869 2375 et
890 2315 1029 2377 reliituto
1052 2315 1118 2401 pa-⁸

97 2400 206 2462 tronis
229 2421 286 2475 eo,
310 2397 393 2482 quod
414 2399 452 2459 ab
471 2397 520 2459 eie
536 2397 651 2464 iccirco
674 2396 781 2459 datum
803 2398 860 2475 eli,
890 2400 925 2462 in
946 2401 1112 2484 pristinum
1216 2398 1220 2407 ’

98 2485 261 2548 libertatis
282 2484 390 2545 liatutn
411 2481 582 2545 reducant:
617 2505 684 2549 non
704 2482 893 2546 obllantibus
914 2486 1115 2570 privilegiis,

100 2570 395 2718 qqpiquqqtsiouibus,
428 2577 459 2631 et
485 2567 784 2646 consuetudinibus,
816 2572 915 2632 etiarn
938 2572 1113 2638 immemo-

535 2789 614 2854 Crr.
635 2789 683 2851 X.

106 2900 262 2986 [Judices
295 2923 318 2964 o
347 2897 477 2984 syuodo
513 2897 738 2996 defignunrli,
772 2897 897 2986 quibua
930 2899 1056 2988 causae
1088 2924 1112 2968 a

103 2986 186 3076 sede
207 2974 388 3075 apostolica
405 2993 680 3062 commetiuntur.
734 2982 875 3048 Iudices
896 3009 1011 3051 omnes
1035 2985 1114 3053 bre-

371 3070 463 3135 viter
484 3069 608 3152 causac
627 3067 839 3150 terminent]

174 3177 337 3261 Quoniam
357 3180 399 3240 ob
419 3179 610 3240 malitiosam
624 3176 804 3260 petentium
826 3180 1061 3257 suggestionem,
1083 3192 1116 3244 et
1154 3226 1157 3235 .

115 3267 300 3350 quandoque
323 3266 363 3325 ob
384 3265 528 3325 locorum
543 3263 812 3346 longinquitatem
827 3269 1030 3346 personarum
1052 3289 1115 3331 no-

112 3352 192 3425 titia,
214 3352 327 3435 quibua
347 3354 454 3412 caulae
475 3346 676 3424 mandentur,
698 3369 797 3432 usque
819 3347 897 3411 adeo
918 3349 1027 3414 haberi
1048 3375 1116 3418 non

114 3435 228 3520 potell,
263 3437 399 3518 hincque
431 3432 589 3495 interdum
615 3429 792 3526 judicibuS,
826 3456 892 3498 nou
912 3438 1115 3524 undequaque

116 3521 260 3594 idoneis,
293 3525 400 3580 causae
430 3521 465 3580 in
486 3519 628 3603 partibus
649 3519 850 3598 delegantur:
887 3520 991 3587 statuit
1010 3531 1115 3590 larrcto

116 3596 269 3686 synodus,
290 3606 324 3666 in
345 3605 476 3685 lingulis
496 3605 642 3665 conciliis
664 3605 925 3690 provincialibus,
948 3623 1001 3672 aut
1023 3612 1116 3674 dioa-
1215 3654 1219 3660 ι

150 3827 196 3892 28)
213 3837 359 3895 augmento
378 3823 463 3877 Hard.
481 3817 506 3874 et
525 3822 583 3879 rell.
605 3843 680 3884 omn„
697 3834 804 3895 praeter
823 3828 849 3877 V
846 3846 868 3881 e.

152 3947 182 4012 x)
198 3945 263 4001 Sall.
283 3949 344 4000 vlt.
362 3945 396 3999 do
411 3942 522 4000 ralorru.
541 3961 565 4000 c.
583 3951 609 4004 6.

1159 1420 1181 1469 ,
1252 1410 1255 1419 .
