2528 4522
237 276 246 287 ‘
290 278 558 383 Decretum-de
583 262 872 351 reformationes
1028 292 1081 366 35·

58 459 166 515 cltrlsto
194 461 274 529 patria
300 466 327 514 et
349 460 446 514 domini
462 463 538 516 nostri
566 461 662 517 domini
688 463 780 528 Pauli,
811 461 895 514 divina
918 463 1078 531 providentia

60 548 149 601 papae
176 535 264 597 tertii,
293 550 360 586 anno
384 535 461 586 tertio
485 536 602 599 decimo,
632 537 674 589 die
699 551 761 587 vero
787 534 860 586 Joria
886 537 962 587 tertia
988 539 1078 590 mentia

59 605 171 669 Martii,
198 605 316 657 Tridenti
345 607 370 657 in
395 606 497 658 ecclefia
522 606 677 671 cathedrali,
702 608 727 658 in
746 608 805 658 loco
823 606 982 659 eminentiori
1002 610 1077 676 ipsine

60 671 198 739 ecclesiae,
222 676 256 727 ad
275 677 410 729 concilium
435 671 630 744 celebrandam,
657 683 685 730 et
708 676 830 730 seffionec
847 676 977 730 habendas
994 680 1079 747 depa-

59 748 139 811 tato‚
160 747 291 799 celebrata
309 749 344 800 est
362 746 468 815 septima
487 750 589 818 publica
608 747 683 801 sessio
700 747 855 801 sacrosancti
873 752 1031 803 oecumenici
1051 757 1077 805 et

59 819 193 883 generalis
212 819 313 870 'concilii
330 818 491 884 Tridentini,
518 820 716 888 praesidentibus
740 822 765 872 in
791 836 822 872 ea
841 821 941 873 nomine
960 821 1077 887 ejusdem

58 888 212 942 sanctissimi
229 890 324 941 domini
342 893 417 944 nostri
435 907 517 959 papae
542 890 752 944 reverendissimis
770 892 885 958 patribus
904 900 930 943 et
946 892 1077 945 illumim-

59 963 112 1013 mis
128 961 346 1013 dominisJoanne
358 963 441 1014 Maria
451 963 484 1014 de
496 963 586 1015 Monte
595 962 716 1031 episcopo
725 964 898 1027 Praenestino,
915 969 941 1015 et
951 965 1077 1016 Marcello

60 1030 131 1084 tituli
152 1030 254 1084 sanctae
275 1034 364 1084 crucia
381 1034 406 1085 in
421 1032 562 1086 Jerusalem
582 1035 742 1102 presbytero,
760 1032 864 1086 sauctae
880 1035 1014 1088 Romanae
1033 1052 1077 1088 ec-

58 1104 153 1155 clesiae
169 1093 366 1168 cardinalibus)
381 1111 409 1156 et
426 1106 570 1172 apostolicis
594 1106 627 1156 de
650 1108 732 1157 latere
750 1106 850 1170 legatia.
903 1106 934 1157 ln
952 1123 1002 1172 qua
1019 1108 1078 1173 qui·

58 1175 119 1227 dem
133 1173 278 1240 seidone,
292 1177 347 1242 poll
373 1177 528 1228 celebratam
543 1178 650 1238 ,uittam
668 1177 701 1228 de
718 1176 818 1243 Spiritu
836 1173 923 1228 sancto
939 1194 985 1245 per
1001 1193 1077 1231 rere-

10 1306 16 1331 ,
58 1246 233 1299 readilllmum
253 1246 382 1298 dominnm
403 1248 533 1301 dominum
551 1246 772 1315 archiepiscopum
791 1246 990 1312 compensem,
1010 1249 1076 1314 (nou

58 1318 109 1370 suit
125 1319 194 1370 enim
217 1317 302 1369 habita
321 1319 420 1383 oratio,
445 1321 504 1384 quia
531 1319 686 1370 reverendus
714 1325 787 1385 pater
805 1318 921 1370 dominus
940 1318 1076 1388 episcopus
1159 1328 1162 1333 '
1254 1366 1259 1379 ,

53 1388 144 1441 iuncti
160 1390 242 1442 Marci
261 1389 465 1456 Neapolitanae,
493 1391 537 1456 qui
563 1406 620 1441 eam
640 1388 773 1461 habiturus
791 1396 860 1453 erat,
888 1397 944 1442 erat
969 1393 1077 1459 raucae)

56 1476 109 1513 nec
136 1476 189 1513 non
218 1461 273 1529 post
301 1468 419 1528 peractae
446 1477 493 1528 per
519 1460 752 1514 reverendislimum
771 1467 797 1512 et
818 1460 1004 1513 illustrisfimum
1028 1463 1076 1514 do·

57 1530 159 1585 minum
178 1530 333 1583 cardinale·
352 1531 386 1583 de
399 1530 513 1597 Monte,
541 1530 724 1599 praefidentem
743 1530 903 1599 praelatum,
925 1529 1013 1584 solitae
1031 1548 1076 1585 ce-

57 1605 207 1666 remoniae,
225 1603 356 1671 publicata
374 1603 477 1656 luerunt
504 1604 555 1654 duo
574 1604 694 1669 decreta,
724 1601 768 1655 seu
785 1605 850 1656 certi
872 1618 983 1656 canones
1001 1601 1078 1672 super

55 1672 227 1739 sacramentis
248 1675 279 1726 ln
308 1690 419 1740 genere,
453 1681 480 1727 et
505 1673 581 1741 super
613 1673 738 1742 baptismo
772 1679 800 1727 et
828 1676 1019 1728 confirmatione
1049 1676 1077 1727 in

10 1746 15 1823 j
54 1743 170 1871 specie,
190 1761 240 1799 uec
257 1761 309 1799 non
327 1748 393 1800 certi
409 1747 455 1800 alii
474 1762 586 1800 canonae
603 1744 682 1816 super
699 1745 844 1814 residentia,
859 1753 977 1802 tenorum
988 1745 1075 1805 ,instas

10 1830 15 1885 ι
68 1818 223 1887 uictorum.
1135 1814 1137 1829 '

10 1950 16 2085 i
128 1960 131 1965 Ι
312 1984 499 2060 Decretum
519 1990 562 2058 de
579 1994 823 2080 sacramentic.

10 2112 14 2123 Ι
58 2118 294 2212 Prooemium.
349 2147 406 2215 De
427 2147 666 2233 sacramentis
702 2147 739 2210 iu
767 2165 906 2232 genere·
959 2133 1077 2209 Canon

55 2230 247 2299 I-XlII.
310 2232 366 2297 De
388 2231 571 2317 baptismo.
632 2232 749 2296 Canon
770 2226 962 2296 1-X1V.
1022 2227 1078 2293 De

263 2313 537 2401 confirmatione.
584 2313 701 2380 Cuuou
721 2313 874 2377 1-111.
951 2376 955 2383 ,

341 2428 390 2494 (V.
408 2425 491 2494 supra
511 2426 545 2481 Τ,
563 2427 585 2481 Ι.
603 2441 630 2493 Ρ.
647 2422 790 2491 ,ΞΒ-42)

303 2569 492 2636 Decretum
513 2568 557 2634 cie
578 2565 839 2653 reformatione.
872 2545 879 2562 ⁰

122 2680 243 2755 Eadem
275 2694 470 2754 sacrosancta
500 2688 639 2770 synodus
672 2685 795 2749 eisdem
826 2681 1076 2772 praesidentibus

65 2787 94 2839 et
116 2774 143 2856 1)
166 2777 299 2857 legatis,
325 2776 350 2859 8)
364 2779 527 2860 inceptum
551 2772 756 2851 residentiae,
779 2783 811 2834 et
833 2771 1076 2846 reformationis

65 2865 226 2943 negotium
249 2862 287 2925 ati
309 2860 372 2924 Dei
393 2861 537 2937 laudem,
559 2871 591 2922 et
613 2857 805 2921 Christianae
826 2856 999 2935 religionis
1021 2861 1078 2920 in*-

66 2961 254 3011 crementmu
278 2949 425 3032 prosequi
447 2946 629 3029 intendens,
651 2955 685 3005 ut
709 2945 861 3030 sequitur,
882 2941 1076 3023 statuendum

68 3036 194 3110 censuit,
217 3036 347 3113 t)salva
373 3039 499 3117 semper
525 3033 565 3113 in,
594 3029 744 3094 omnibus
767 3028 854 3093 sedie
887 3026 1077 3110 apostolicae

67 3120 257 3183 auctoritate.
279 3166 281 3171 ·
784 3142 791 3155 ¹

494 3256 591 3345 ¹Car.
612 3272 640 3347 Ῑι

43 3390 50 3401 '
72 3394 205 3493 [Quifit
223 3418 337 3492 capax
354 3376 539 3490 regiminis
557 3388 774 3486 ecclesiarum
795 3388 1076 3481 cathedralium]

124 3520 176 3586 Ad
196 3526 428 3588 cathedralium
448 3519 688 3608 u>ecclesiarum
707 3513 853 3600 regimen
875 3520 997 3598 nullus,
1017 3517 1077 3583 nili

27 3708 32 3737 ἦ
97 3716 123 3783 1)
138 3729 167 3773 et
180 3688 235 3772 ¹om.
255 3711 290 3771 Β.
313 3714 387 3771 Vara
408 3709 494 3778 Virri„
515 3710 609 3763 Rham,

96 3810 119 3877 r)
135 3809 204 3866 salt
220 3808 334 3864 Vlcde
358 3805 473 3862 reform.
492 3825 516 3861 c.
540 3814 556 3866 1
576 3803 654 3872 sqq.‚
683 3774 745 3855 add.-
771 3798 829 3855 sess.
847 3798 955 3854 xxm,
973 3798 1008 3850 de
1030 3810 1076 3847 re*

96 3881 177 3938 sorar.
195 3899 220 3937 c.
239 3891 267 3941 1.
285 3906 321 3921 --
357 3880 379 3946 t)
397 3879 465 3933 Seis.
483 3877 580 3932 XXV(
598 3876 632 3929 dc
652 3871 764 3927 resona.
784 3890 809 3925 c.
822 3880 867 3932 21.
886 3895 921 3912 -
956 3867 991 3936 ct)
1008 3863 1077 3921 Seis«

96 3952 193 4009 xxti..
204 3954 240 4007 de
258 3952 374 4021 retortu.
392 3966 453 4018 cap.
469 3958 497 4010 2⁴
741 4032 791 4096 c*
