2528 4522
155 299 227 367 452
511 297 616 364 index
639 294 831 363 Literarilrs.

158 477 338 546 suppono...
392 473 461 526 cun
481 432 651 525 nr'cnnur
668 469 795 525 narret
812 472 844 525 a.
863 468 901 523 u.
920 466 1043 521 ιωαῑιιι·
1058 484 1102 537 ap.
1120 469 1171 521 ‹ru-
1233 527 1234 532 Ν

159 551 273 603 belnum
291 546 399 610 liutici,
416 559 498 614 propo
516 543 714 613 Temple-liar.
733 546 813 600 1116.
831 541 891 596 Vol.
909 540 931 595 l.
949 541 986 594 ll.
1005 545 1033 595 8.

227 629 348 690 Brionrr
374 633 477 699 (Caes.)
501 632 625 685 Annales
644 630 815 702 ecclesiastic.
850 631 953 686 iionm
975 633 1172 684 taso-rent,

156 710 234 765 Tomi
253 707 314 762 xll.
332 707 378 760 sol.
395 705 444 758 five
461 705 512 758 elie
531 705 621 760 editio.
712 736 715 749 .

133 843 136 849 ¹
211 809 356 870 ‘lissrnrns
379 812 417 870 Μ.
1229 868 1232 875 ³

227 890 315 942 Sancti
334 886 419 939 Patris
448 883 523 937 nollri
542 881 587 936 na
598 880 685 944 lilii,
717 881 859 949 Caeserese
878 879 1067 950 Cappsdociae
1092 873 1171 929 ercli-

92 977 96 984 ·
155 960 283 1028 episcopi,
299 973 380 1026 opera
400 955 486 1007 omnis
502 970 569 1021 quse
587 957 700 1016 exstant,
719 956 760 1006 rel
776 970 844 1019 qnae
861 951 919 1020 elus
937 954 1044 1005 nomine
1064 951 1172 1004 circuns-

156 1030 288 1091 saruntur‚
316 1028 348 1080 ad
373 1027 428 1081 rnss‘.
451 1025 554 1078 codices
579 1027 743 1086 Gallicenos,
770 1026 927 1082 vaticanos.
952 1023 1122 1077 Flor'entinos
1147 1025 1172 1072 ct

154 1104 295 1168 nigricat,
320 1115 418 1152 necnon
436 1098 468 1150 ad
487 1098 644 1164 antiquiores
668 1097 794 1150 editiones
809 1099 945 1162 calligata,
974 1097 1066 1148 rnnltls
1086 1098 1171 1145 aucta:

155 1184 222 1226 nora
240 1162 467 1241 interpretatione,
485 1169 581 1222 criticis
600 1168 816 1237 praefationibus,
835 1170 910 1227 notis,
923 1168 1001 1219 variis
1019 1165 1173 1218 lectionibus

110 1291 112 1295 .
154 1246 293 1310 illustrata,
322 1259 387 1294 nore
408 1241 485 1293 suncti
506 1241 624 1292 Doctorls
642 1243 695 1292 vita
714 1247 742 1292 et
759 1239 931 1306 copiosissimis
950 1238 1083 1290 iudicibus
1103 1238 1173 1288 loen·

155 1317 260 1385 pietate.
310 1315 398 1381 Opera
422 1320 449 1364 et
467 1311 547 1362 studio
564 1312 656 1364 Domni
674 1311 810 1363 iuliani
829 1311 995 1370 Garnier‚
1026 1306 1172 1376 presbyteri

154 1395 182 1440 et
199 1384 315 1440 monachi
335 1383 512 1442 benedictini,
530 1399 546 1435 e
564 1390 715 1448 congregat.
733 1382 813 1433 sancti
833 1382 925 1433 Mauri.
951 1379 1105 1444 Parifiis,
1132 1386 1171 1443 ty·

155 1460 195 1529 pis
221 1465 248 1510 et
275 1456 417 1524 sumptibus
436 1454 543 1506 loannis
562 1455 691 1521 Raptistoe
710 1453 855 1518 Coignard,
885 1452 955 1518 regis
974 1449 1173 1519 arclritypogra·

155 1529 201 1597 piri
217 1545 249 1581 ec
266 1527 421 1595 bibliopolae
439 1525 569 1580 ordinarii.
606 1527 672 1576 Cum
690 1525 877 1590 approbatione
890 1530 917 1578 ct
935 1520 1077 1592 privilegio
1098 1522 1172 1588 regis.

153 1600 325 1656 Τ.1.1111.
354 1599 387 1651 T.
407 1596 443 1651 ll.
460 1600 540 1651 lm.
574 1596 607 1648 Τ.
626 1595 673 1650 lll.
692 1599 770 1650 11³0.
789 1596 834 1650 sol.
861 1652 865 1657 ,

152 1702 187 1758 Τ.
213 1704 239 1756 l:
275 1697 411 1753 Romilius
448 1696 478 1751 in
511 1696 640 1771 qu'osdam
753 1697 785 1748 ds
822 1695 966 1770 erfectr'orrs
982 1693 1141 1766 spirituali.

222 1769 354 1841 Pserimos.
716 1715 845 1827 Morada.

190 1840 331 1910 Adversus
349 1839 508 1893 Eunomium
525 1837 587 1891 libri
607 1840 641 1896 V.
715 1840 843 1910 Regulos
850 1837 950 1910 fufius
967 1846 1121 1892 tractatae.

153 1919 187 1974 T.
204 1915 247 1969 lls
263 1914 396 1968 Homiliae
413 1912 446 1967 de
464 1912 580 1965 divertis:
715 1910 838 1982 Regulos
857 1910 961 1963 brevius
981 1919 1135 1963 tractatae·

188 1988 232 2039 Dc
243 1985 360 2054 jejunio.
719 1981 926 2050 constitutiones
943 1980 1120 2049 monasticae.

189 2060 232 2109 De
269 2056 404 2109 ratiarurrs
419 2053 533 2109 actione.
717 2050 748 2106 ln
779 2054 945 2122 Appendices
984 2051 1112 2106 Romilia
1142 2049 1172 2101 de

187 2129 223 2182 Irr
240 2076 392 2198 lirarryrsm
408 2125 546 2182 Insistam.
750 2124 924 2192 poenitentia.

187 2201 223 2252 In
258 2197 343 2252 illude
381 2199 512 2252 nostrum
549 2193 641 2251 botre·
716 2193 874 2249 Admonitu
903 2193 943 2246 ad
962 2192 1066 2263 ‘filium
1088 2191 1172 2266 spiri·

224 2286 291 2326 mea.
327 2270 393 2325 Lttc.
415 2275 463 2334 tn,
484 2274 526 2323 18.
752 2266 861 2318 rualem.

188 2344 222 2394 ln
234 2340 339 2411 famem
356 2350 383 2390 et
398 2339 558 2406 siccitatem.
681 2338 759 2394 ἨΠ
768 2359 775 2391 c
785 2336 864 2388 Liber
875 2333 1127 2404 deSpr'rr'trssarrcto
1136 2334 1173 2384 od

188 2414 223 2464 In
250 2411 334 2462 illud:
380 2411 459 2479 Quod
484 2413 559 2461 Deus
588 2428 639 2462 non
751 2407 1102 2477 S.Amplsiloclrr'um1conii
1116 2407 1171 2477 epi-

222 2481 261 2547 est
279 2491 375 2532 auctor
397 2480 535 2534 rualorum.
747 2478 867 2550 scopum.

188 2550 331 2619 Adversus
349 2552 444 2607 iratos.
716 2552 862 2620 Iipislolrrc.

185 2624 221 2672 In
238 2619 360 2688 ebriosos.
714 2621 744 2674 lu
765 2622 930 2690 Appendices
948 2622 1100 2677 Sermones.

186 2694 220 2742 Iu
234 2689 346 2760 sanctos
364 2687 548 2764 quodraginta
566 2709 638 2743 mor·
714 2695 803 2744 Sermo
821 2696 876 2746 IX.
895 2692 926 2741 de
943 2693 1081 2751 oratione.¹

217 2772 300 2832 syres.
512 2813 514 2818 ,
714 2763 794 2816 Liber
814 2764 922 2815 devera
937 2762 1109 2833 virginitatis
1127 2759 1171 2813 irr-

186 2834 319 2888 Asceticar
348 2836 439 2886 Sermo
457 2829 588 2901 asceticus
607 2832 639 2883 de
749 2835 879 2905 {egritate
905 2834 944 2885 ad
965 2837 1093 2886 Letoirsm
1109 2835 1170 2885 Mc-

222 2905 420 2958 rcnuntiatr'one
449 2903 573 2974 saeculi,
611 2914 639 2955 ee
748 2904 898 2976 sitinenscm
915 2903 1078 2976 episcopum.

187 3022 190 3025 ·
264 3006 344 3067 Bnnr
366 3008 564 3061 Vnnnnrnrnrs.

221 3095 382 3149 Venerabilis
406 3095 521 3149 Bodas
545 3090 689 3163 presbyteri
708 3097 948 3164 slogio-Saxonis,
979 3096 1097 3151 doctoris
1120 3113 1167 3152 ec·

150 3167 240 3220 cleliae
258 3184 318 3221 vere
338 3170 473 3220 illuminati
491 3170 579 3236 Opere
601 3168 762 3235 theologico,
787 3173 909 3234 moralia,
928 3169 1058 3235 historica,
1080 3167 1166 3239 pbilo-

150 3238 259 3305 sopbica,
278 3239 456 3292 mathematica
474 3246 501 3290 et
518 3237 653 3304 rhetorica,
672 3248 799 3307 quotquot
818 3241 949 3308 bucusque
962 3240 1051 3294 iuberi
1070 3248 1167 3308 potne-

149 3316 210 3360 runt
238 3312 338 3376 onrnb,
367 3313 392 3363 in
411 3312 444 3362 V.
470 3317 497 3362 ct
516 3310 550 3363 N.
575 3312 779 3369 Testamentum.
808 3312 983 3366 saluberrimis
1012 3313 1036 3364 in
1068 3313 1166 3378 Moysis

148 3380 357 3448 pentateuchum,
374 3382 485 3434 Tobiaur
504 3388 531 3433 ct
548 3383 657 3448 solum,
674 3384 767 3436 Libros
785 3386 898 3450 Regum,
917 3384 1020 3436 Davidis
1037 3384 1167 3449 Pselmos,

147 3451 288 3504 Parabolss
306 3456 452 3505 Solomonis
470 3460 498 3505 et
516 3455 637 3518 Cantica,
663 3454 807 3524 Prophetes
821 3464 871 3510 etr.
891 3456 1117 3522 explanationibus
1137 3464 1167 3508 et

129 3536 130 3540 ’
148 3524 335 3590 quaestionibus
354 3525 475 3576 enodata:
496 3525 639 3578 Morelilrns
656 3525 778 3579 doctrinis
792 3535 819 3580 ct
837 3527 1035 3595 expofitionibus
1052 3527 1081 3578 in
1098 3543 1167 3594 qna-

86 3626 94 3630 -
147 3601 208 3647 tuor
232 3594 448 3659 Evangelistarnm
471 3595 613 3663 Ererrgelia
641 3599 774 3650 illustrata:
804 3597 985 3652 secundissimis
1015 3598 1042 3649 in
1072 3613 1167 3650 omnes

146 3667 207 3718 enni
224 3668 370 3719 Dominicas
395 3673 423 3719 et
440 3668 513 3719 Festa
532 3666 641 3720 homiliis
665 3676 805 3722 exornatae
833 3669 998 3723 subtilissrmis
1015 3675 1043 3720 et
1059 3667 1167 3722 theolo-

78 3749 80 3754 ’
147 3738 213 3802 picis
233 3740 259 3791 in
277 3741 357 3802 Actus
376 3740 451 3805 App„
469 3737 597 3804 Epistulas
614 3741 703 3794 Pauli.
722 3742 809 3806 Petri,
831 3742 941 3806 Jacobs,
965 3740 1088 3804 Joannis,
1113 3742 1166 3793 Ju-

147 3808 196 3861 dae
214 3815 242 3861 et
259 3810 426 3877 Apocalypsin
443 3812 631 3863 commentariis
648 3818 738 3870 auctas
758 3810 876 3870 Hilloriis
895 3814 1049 3877 Anglorunr,
1076 3814 1166 3864 rario-

146 3894 203 3933 rnna
222 3883 375 3933 Sanctorum
393 3881 469 3944 vitis,
493 3883 570 3946 gellis
588 3900 619 3934 ac
636 3885 835 3950 martyrologio:
865 3884 1008 3938 Moralibus
1027 3881 1166 3948 Physicis-

146 3966 197 4014 qne
214 3952 400 4015 quaestionibus
419 3953 536 4003 exculta:
563 3953 666 4006 diverse
693 3971 724 4007 ac
748 3956 864 4022 plurimis
889 3958 1016 4008 variarum
1036 3956 1163 4006 materia-

146 4037 202 4074 rum
221 4024 293 4079 libris
319 4033 346 4078 ct
363 4024 528 4080 tractatibus,
556 4025 675 4079 scientiae
692 4033 721 4082 et
737 4029 841 4095 pietati,
868 4027 1001 4080 doctrinae
1019 4042 1052 4079 ac
1071 4026 1162 4094 perse·
