2528 4522
135 240 185 318 60
247 234 338 331 App.
365 234 391 304 Ι.
419 233 465 303 ad
490 233 625 303 Concil.
649 231 813 301 Trideut.
868 233 951 305 sets.
970 236 1014 305 X.

132 422 219 485 orbis
251 419 510 508 perturbatione,
533 408 584 481 'et
613 417 758 482 scandalo
793 417 981 499 viguerunt,
1017 416 1149 491 bonum,

36 515 39 525 '
133 518 372 594 opportunum,
406 517 439 568 et
460 504 637 590 expediens
664 503 727 567 ell'e
747 501 911 581 videntur,
941 506 1031 566 sicuti
1051 507 1148 568 etiam

132 594 331 658 charissimus
352 593 388 654 in
409 590 531 654 Christo
561 591 649 652 iilius
670 588 791 665 noster,
826 589 959 653 Garolus
981 589 1151 655 Ronrano—

132 702 204 742 rum
228 680 403 763 imperator
424 683 548 761 semper
570 675 736 754 augustus,
772 677 867 738 nobis
887 698 945 762 per
964 676 1034 739 luas
1055 678 1149 740 litte-

130 786 185 828 ras
207 776 240 826 et
261 765 394 826 nuntios
410 763 579 842 significari
601 757 688 838 fecit,
710 773 745 824 ut
766 764 884 825 sacrum
908 765 1148 825 oecumenicum

131 850 280 932 generale
309 848 482 911 concilium
509 868 567 935 per
595 843 652 914 set.
680 866 743 909 rec.
765 845 897 910 Paulum
927 869 1042 933 papam
1079 846 1149 924 Ill,

131 933 399 1022 praedecessorem
432 932 587 1008 nostrum,
619 932 793 1010 indictum,
828 944 861 995 et
914 955 949 995 er
980 955 1040 996 nos
1072 945 1149 996 tunc

132 1021 345 1084 cardinalatus
365 1019 492 1082 honore
513 1013 700 1098 fungentes,
728 1030 822 1104 atque
843 955 941 1104 ipsius
962 1017 1150 1105 praedeces-

132 1108 215 1171 soris
236 1106 386 1183 nornine,
413 1126 476 1167 una
505 1126 576 1167 cum
599 1102 721 1168 duobus
742 1104 817 1166 aliis
837 1108 961 1167 sanctae
982 1103 1149 1170 Romanae

132 1193 277 1255 ecclesiae
298 1191 510 1253 cardinalibus
540 1190 600 1274 ipsi
627 1190 765 1253 concilio
793 1190 1023 1276 praesidentes,
1056 1193 1150 1253 ince-

131 1289 242 1363 ptum,
264 1276 462 1353 ordinatum,
484 1286 517 1337 et
538 1275 777 1352 continuatum,
808 1276 844 1337 in
866 1298 929 1362 quo
951 1279 1063 1362 plures
1084 1297 1149 1362 pu-

131 1365 235 1427 blicae
258 1373 290 1425 et
311 1363 470 1425 solemnes
494 1362 619 1423 habitae
643 1357 772 1424 fuerunt
794 1361 961 1440 seffiones,
992 1366 1149 1449 pluraque

131 1461 198 1512 tam
228 1450 264 1512 in
292 1451 383 1511 causa
407 1447 503 1520 fidei,
543 1468 636 1533 quam
667 1442 909 1511 reformationis
943 1452 1153 1533 promulgata

87 1562 90 1571 ⁴
132 1534 274 1610 decreta,
318 1534 485 1619 multaque
507 1533 609 1615 etiam¹
636 1531 675 1594 ad
705 1544 871 1618 utramque
898 1538 1020 1599 causam
1047 1540 1149 1622 perti-

131 1621 242 1683 nentia
271 1621 509 1682 examinasset
531 1616 683 1694 discsse,
715 1619 755 1679 ad
785 1619 950 1683 civitatem
979 1621 1150 1685 Tridenti-

132 1727 208 1767 nam
232 1704 415 1767 reducatur:
438 1701 515 1779 Nos,
538 1702 577 1763 ad
599 1723 698 1788 quos,
720 1715 752 1766 et
768 1702 797 1785 1)
818 1708 959 1768 summos
981 1729 1040 1793 pro
1064 1719 1150 1771 tem-

131 1811 214 1876 pore
242 1790 415 1876 pontifices
449 1792 568 1872 spectat
597 1785 758 1866 generalia
791 1792 924 1853 concilia
953 1793 1096 1856 indicere
1118 1811 1149 1859 et

132 1877 289 1956 dirigere,
321 1885 355 1937 ut
377 1874 523 1936 ecclesiae
542 1894 669 1957 pacem,
699 1886 731 1938 et
752 1872 946 1940 Christianae
968 1878 1063 1956 fidei,
1097 1893 1149 1942 at-

133 1983 194 2047 que
219 1959 421 2022 orthodoxae
444 1959 615 2039 religionis
638 1961 889 2039 incrementum,
920 1961 958 2023 ad
990 1966 1147 2049 omnipo-

131 2045 231 2108 tentis
253 2043 317 2107 Dei
336 2043 463 2108 laudem
485 2055 517 2107 et
533 2045 671 2125 gloriam
693 2067 907 2131 procuremus,
941 2061 974 2111 et
994 2063 1148 2136 quantum

131 2131 169 2193 in
200 2132 295 2193 nobis
323 2130 386 2206 est,
428 2131 660 2215 tranquillitati
692 2133 789 2215 ipsius
819 2130 1027 2211 Germaniae,
1068 2158 1148 2222 quse

131 2221 206 2281 sane
226 2215 395 2302 provincia
418 2217 586 2278 retroactis
608 2218 807 2302 temporibus
829 2219 864 2281 in
889 2239 963 2281 vera
980 2222 1149 2302 religione,

132 2324 167 2366 ac
188 2307 347 2366 sacrorum
362 2301 583 2378 conciliorum,
604 2312 636 2364 et
652 2305 830 2366 sanctorum
854 2315 979 2388 petrum
1001 2304 1148 2371 doctrina

132 2387 320 2463 excolenda,
341 2387 586 2472 exhibendisque
610 2389 762 2450 rnaxirnis
785 2391 1012 2473 pontificibus,
1033 2392 1150 2457 Christi

133 2473 349 2556 redemptoris
373 2473 469 2533 nollri
491 2474 525 2532 in
552 2485 633 2533 terra
659 2475 809 2561 vicariis,
830 2475 934 2536 debita
952 2478 1149 2557 obedientia,

135 2569 167 2620 et
188 2557 388 2633 reverentia,
412 2557 496 2617 nulli
518 2553 767 2621 Christianorum
789 2563 977 2644 provinciae
998 2560 1062 2625 fuit
1087 2587 1149 2627 un-

159 2664 227 2704 uam
248 2639 394 2717 secunda,
414 2651 545 2725 paterne
564 2644 773 2720 consulamus,
797 2648 959 2731 sperantes
976 2670 1035 2734 per
1049 2651 1148 2736 ipsius

133 2665 198 2791 bei
219 2726 364 2810 gratiam,
385 2736 417 2787 et
438 2725 666 2806 benignitatem
685 2723 841 2808 futurum,
864 2742 898 2793 ut
911 2754 1003 2814 reges
1026 2757 1150 2813 omnes,

134 2835 169 2876 ac
190 2813 354 2899 principes
375 2809 562 2887 christiani,
596 2813 697 2894 juliis,
726 2816 855 2901 piisque
885 2819 997 2882 nolitis
1024 2816 1060 2883 in
1093 2823 1149 2899 bac

85 2918 89 2929 ’
133 2921 169 2963 re
191 2901 280 2961 votis
301 2893 629 2979 anrruant,saveant,
650 2911 744 2986 atque
765 2902 914 2964 assistant:
949 2908 1151 2969 venerabiles

133 2981 248 3047 fratres
269 2983 486 3068 patriarchas,
511 2984 793 3070 archiepiscopos,
824 2989 1013 3074 episcopos,
1042 3003 1076 3053 et
1098 2991 1152 3054 di-

40 3093 41 3097 *
133 3072 236 3134 lectos
258 3071 348 3132 filios
374 3070 516 3145 abbates,
546 3090 720 3157 omnesque
738 3072 825 3134 'alios
849 3085 881 3134 et
901 3076 1063 3155 fingulos,
1097 3078 1152 3164 qui

135 3157 175 3218 de
206 3158 292 3238 jure,
326 3155 378 3216 vel
407 3154 652 3232 consuetudine,
689 3158 740 3219 vel
767 3160 964 3243 privilegio,
998 3164 1150 3226 conciliis

133 3243 337 3322 generalibus
351 3239 499 3302 interesse
516 3239 642 3315 debent,
667 3265 810 3329 quosque
832 3245 918 3307 idem
933 3247 1152 3330 praedecessor

134 3326 237 3389 noller
258 3327 292 3388 in
314 3325 379 3388 suis
403 3325 593 3388 indictionis
623 3338 655 3388 et
676 3330 751 3389 aliis
781 3332 1030 3420 quibuscumque
1055 3335 1152 3397 desu-

26 3474 31 3489 ,
134 3433 193 3497 per
215 3407 372 3473 confectis
399 3423 432 3473 et
454 3411 626 3496 publicatis
656 3413 795 3489 litteris,
828 3419 967 3479 concilio
1001 3419 1152 3483 interesse

134 3497 259 3572 voluit,
292 3496 491 3581 perviscera
514 3498 752 3562 misericordiae
772 3498 906 3564 Domini
932 3504 1048 3581 nollri,
1079 3505 1152 3569 lesu

134 3580 271 3659 chriti,
291 3583 474 3658 hortamur,
497 3584 708 3668 requirimus,
738 3594 770 3648 et
790 3608 980 3667 annuemus,
1014 3602 1049 3652 ut
1072 3614 1154 3678 pro-

167 3858 196 3920 1)
217 3855 306 3909 Hord.
330 3853 392 3912 hab.
416 3856 445 3908 in
462 3856 595 3929 margines
630 3857 738 3928 ,‚forte,
767 3869 797 3912 ut
815 3856 977 3925 summos'’;
1004 3858 1080 3931 quod
1101 3859 1153 3933 leg.

170 3927 262 4000 Cbifia
279 3929 356 3984 Rom.
373 3930 414 3986 M.
433 3940 461 3983 et
478 3947 527 3982 om.
