2528 4522
201 294 279 367 aar
375 264 382 271 “
436 276 530 375 app.
552 280 595 349 11.
620 264 667 347 a‘a
692 273 836 391 morea
861 260 975 344 aroer.

204 462 311 550 cipuis
331 462 535 550 parochianis
551 459 665 543 jurati,
688 457 728 522 de
750 456 909 536 moribus,
929 455 1106 536 natalibus,
1129 479 1209 546 que-
1247 461 1250 475 ¹

152 568 162 588 ·
202 552 296 613 litate
317 572 351 612 ac
373 559 473 611 aetate
493 544 669 609 Ordinandi
692 544 908 608 testimouium
929 545 1136 628 perhibeant.

266 634 328 698 Vl.
349 632 567 696 Promovendi
589 632 641 694 die
659 629 810 693 'Mercurii
830 629 978 714 proxime
999 627 1210 713 praecedente

200 719 288 784 diem
310 720 496 795 Sabbatum,
519 740 580 803 quo
602 737 747 779 exmore
769 715 966 777 ecclesiastico
984 715 1208 777 ordinationes

200 808 273 869 fieri
295 806 410 880 solent,
432 802 463 866 se
484 807 683 888 praesentent
701 796 863 885 Episcopo
886 804 952 874 suo,
974 801 1029 884 qui
1052 821 1110 862 eos
1132 820 1210 861 exa·
1251 820 1258 845 ⁸

123 888 127 905 ’
200 893 312 966 minet,
333 889 487 972 adjunctis
509 889 566 950 libi
586 901 617 950 et
637 887 742 948 ascitis
763 887 798 949 in
817 887 879 946 boc
901 906 1032 946 munere
1055 885 1210 969 disquisi-

198 976 301 1038 tionis
322 973 519 1059 peragendae
539 970 795 1046 Archidiaconis,
816 983 848 1033 et
869 971 992 1056 aliquot
1012 968 1209 1050 Theologis,

198 1072 254 1122 aut
280 1061 353 1122 aliis
382 1081 424 1122 ex
444 1059 566 1145 reliquo
590 1055 683 1120 Clero
711 1057 853 1118 civitatis
875 1060 948 1118 suae
966 1056 1091 1117 selectis
1116 1057 1209 1118 viris.

197 1138 337 1208 Nomina
366 1145 466 1225 igitur
497 1146 576 1207 item
593 1140 890 1205 Promovendorum
919 1142 1026 1203 valvis
1055 1138 1209 1204 Ecclesiae

197 1234 270 1294 suae
291 1230 482 1293 cathedralis
494 1230 592 1292 novis
606 1227 850 1313 programmatis
864 1225 949 1305 affigi
961 1226 1090 1303 curabit,
1115 1248 1209 1312 prac-

197 1317 315 1402 scripto
332 1315 384 1379 die
404 1316 562 1391 omnibus,
585 1315 724 1401 quicum
738 1312 776 1374 de
791 1314 833 1373 iis
849 1312 1012 1374 voluerint
1025 1312 1209 1377 admonere.

195 1397 237 1464 In
259 1422 297 1463 eo
319 1412 423 1465 autem
445 1402 612 1475 examine,
633 1399 773 1484 primum
796 1397 936 1483 inquirat
957 1396 995 1459 de
1016 1398 1091 1473 fide,
1114 1419 1208 1483 quam

196 1496 308 1548 tenent
321 1481 510 1562 Ordinandi,
532 1484 648 1548 deinde
668 1478 707 1546 de
731 1485 807 1560 vita,
828 1483 980 1558 moribus,
1001 1480 1040 1544 de
1062 1480 1209 1561 dqctrina

197 1591 320 1647 eorum,
344 1583 379 1633 ut
401 1593 443 1634 ex
467 1571 520 1633 his
540 1570 688 1632 omnibus
711 1569 864 1648 colligere
885 1568 990 1652 possit,
1009 1588 1049 1629 an
1066 1567 1130 1629 smt
1151 1566 1209 1628 ad-

196 1655 365 1718 mittendi:
387 1655 486 1742 quisi
510 1656 635 1729 minus,
664 1653 775 1715 saltem
797 1652 885 1713 illud·
901 1653 938 1714 ad
961 1650 1046 1738 quod
1063 1653 1209 1715 ordinari

119 1808 123 1819 Ι
195 1749 327 1825 petunt,
358 1760 424 1801 non
452 1739 675 1801 intellexerint
697 1749 826 1813 exacte,
857 1749 912 1798 aut
943 1739 1025 1798 serio
1056 1758 1209 1802 exercere

195 1822 536 1905 noluerint,¹indigni
556 1828 627 1887 sunt
648 1822 813 1898 censendi,
845 1823 900 1907 qui
929 1821 1153 1900 admittantur3
1185 1826 1209 1886 li

196 1907 326 1995 quidem
347 1908 488 1972 maxime
509 1908 693 1972 indecorum
720 1906 812 1984 esset,
844 1928 899 1969 eos
922 1908 1076 1970 etiamad
1100 1910 1209 1971 miuo-

194 2013 247 2056 res
264 1996 468 2079 promoveri,
499 1995 556 2081 qui
583 2015 650 2057 non
675 1994 750 2055 satis
779 1993 965 2073 intelligunt
986 1992 1062 2079 quid
1084 2006 1208 2075 agatur,

194 2089 250 2140 aut
273 2078 349 2164 quid
370 2075 484 2143 Clerici
510 2092 543 2144 et
573 2080 696 2166 reliqua
717 2076 878 2142 minorum
902 2077 1051 2142 ordinum
1072 2082 1208 2144 nomina

194 2163 382 2246 significent.
912 2236 914 2240 Α

260 2247 339 2311 VII.
362 2246 593 2313 Ordinationes
621 2248 747 2335 posthac
772 2271 943 2338 numquam
965 2260 1057 2313 extra
1077 2260 1207 2336 tempus

193 2354 212 2396 a
233 2334 299 2417 jure
320 2334 464 2398 staturum
490 2337 573 2398 ullae
591 2335 679 2416 fiant,
713 2347 744 2399 et
767 2359 833 2399 non
856 2339 914 2399 nist
934 2336 1052 2419 jejunio
1073 2356 1208 2422 praece-

194 2419 300 2497 dente,
323 2431 355 2482 et
377 2422 417 2482 lic
440 2422 475 2482 in
497 2421 626 2482 civitate
645 2422 679 2484 in
694 2422 868 2483 cathedrali
888 2422 1031 2496 Ecclesra,
1054 2422 1207 2506 praesen-

193 2505 279 2565 tibus
303 2505 489 2587 vocatisque
511 2505 548 2565 ad
572 2505 606 2565 id
630 2504 803 2568 Canonicis
824 2504 975 2569 Ecclesiae
997 2509 1206 2592 quantumvis

194 2588 342 2663 exeratis,
361 2589 487 2670 publice
499 2589 707 2650 celebrentur.
745 2590 781 2650 Si
792 2603 895 2654 autem
909 2594 942 2653 in
955 2593 1019 2653 alio
1034 2591 1206 2677 perDioe-

194 2674 284 2733 celim
308 2672 389 2746 loco,
411 2676 572 2757 praesente
595 2670 688 2734 Clero
711 2674 786 2749 loci,
809 2687 840 2736 et
865 2677 903 2737 ad
925 2678 958 2738 id
981 2676 1204 2763 exequendum

193 2756 333 2836 dignior,
354 2769 503 2842 quantum
527 2757 599 2820 sieri
620 2758 734 2842 potest,
761 2758 896 2823 Ecclelia
916 2767 1039 2846 semper
1063 2762 1204 2824 adeatur.

191 2840 418 2928 Unusquisque
442 2855 576 2906 autema
590 2846 723 2930 proprio
737 2843 897 2932 Episcopo·
917 2849 1095 2922 ordinetur,
1115 2848 1204 2934 quod

192 2928 216 2990 st
238 2930 310 3013 quis
327 2930 364 2989 al)
384 2928 451 2991 alio'
468 2932 653 3013 promoveri
665 2942 761 3014 petat,
783 2933 964 2994 nullatenus
984 2932 1017 2993 id
1041 2935 1083 3009 ei,
1106 2936 1204 2996 etiam

191 3014 228 3075 in
248 3014 392 3076 Romana
414 3011 517 3091 Curia,
537 3016 560 3075 ti
581 3014 691 3079 saltem
712 3018 852 3079 triennio
869 3019 914 3079 ibi
929 3041 993 3080 non
1007 3019 1042 3079 sit
1056 3040 1205 3082 commo-

191 3108 287 3175 ratus,
309 3100 448 3182 cujusvis
466 3101 625 3179 generalis
647 3112 700 3162 aut
721 3104 867 3186 specialis
888 3105 1033 3188 rescripti
1053 3106 1118 3166 rel.
1131 3105 1204 3189 pri-

190 3184 316 3265 vilegii,
337 3189 388 3248 seu
411 3185 559 3247 licentiae
583 3199 761 3271 praetextu,
783 3189 880 3250 etiam
901 3189 1019 3250 statutis
1040 3192 1205 3274 tempori-

192 3270 250 3330 bus
273 3273 483 3353 permittatur,
505 3270 564 3332 nifi
586 3272 654 3354 ejus
676 3275 819 3358 probitas
842 3284 895 3334 aut
914 3297 1020 3337 mores
1035 3271 1203 3338 Ordinarii

189 3354 240 3414 sui
260 3356 439 3418 testimonio
463 3356 733 3424 commendentur.
787 3358 823 3418 Si
842 3359 927 3420 secus
951 3360 1017 3433 fiat,
1038 3356 1203 3422 Ordinans

189 3458 207 3498 a
229 3438 401 3504 collatione
423 3441 572 3504 ordinum
593 3463 650 3527 per
672 3464 789 3506 annum
809 3443 847 3503 tit
867 3447 1050 3529 suspensus,
1083 3456 1115 3507 et
1138 3442 1203 3507 Or-

138 3594 141 3601 ,
190 3521 317 3584 dinatus
338 3548 354 3586 a
379 3534 597 3611 susceptorum
629 3528 776 3590 ordinum
808 3534 1015 3605 executione,
1048 3530 1201 3616 quamdiu

86 3628 89 3634 ⁴
190 3610 323 3694 proprio
350 3608 519 3674 Ordinario
554 3613 711 3675 videbitur
738 3615 903 3697 expedire.
953 3615 1114 3700 Episcopo
1149 3629 1201 3678 ta-

189 3715 281 3770 men,
309 3704 343 3756 ut
364 3698 466 3778 prima
486 3698 612 3760 tonsura
632 3695 822 3760 familiarem
842 3704 931 3763 suom
952 3723 1018 3762 non
1043 3703 1100 3763 fibi
1123 3705 1200 3764 sub-

189 3779 290 3841 ditum
314 3782 409 3864 potrtr
436 3782 605 3861 insignire,
636 3785 660 3845 fl
686 3786 874 3846 beneficium
903 3787 1135 3848 ecclesiasticum
1163 3790 1200 3850 in

186 3863 238 3925 sua
252 3864 391 3928 Dioeceli
414 3867 513 3949 reipsa
536 3869 588 3929 illi
609 3863 800 3942 conferatur,
819 3872 883 3933 line
905 3873 1011 3956 aliquo
1031 3868 1198 3934 Ordinarii

187 3950 365 4014 testimonio
388 3951 563 4014 declaratur
584 3952 646 4015 elle
665 3954 860 4038 permissum.
904 3955 983 4021 Ctnn
1004 3957 1057 4018 his
1079 3971 1199 4035 autem,

185 4155 199 4203 1
