<?xml version="1.0" encoding="UTF-8"?>
<!DOCTYPE html PUBLIC "-//W3C//DTD XHTML 1.0 Transitional//EN"
    "http://www.w3.org/TR/xhtml1/DTD/xhtml1-transitional.dtd">
<html xmlns="http://www.w3.org/1999/xhtml" xml:lang="en" lang="en">
 <head>
  <title>
</title>
<meta http-equiv="Content-Type" content="text/html;charset=utf-8" />
  <meta name='ocr-system' content='tesseract 3.04.00' />
  <meta name='ocr-capabilities' content='ocr_page ocr_carea ocr_par ocr_line ocrx_word'/>
</head>
<body>
  <div class='ocr_page' id='page_1' title='image "./librisymbolicie00stregoog/librisymbolicie00stregoog_0306.png"; bbox 0 0 2528 4522; ppageno 0'>
   <div class='ocr_carea' id='block_1_1' title="bbox 270 252 1085 362">
    <p class='ocr_par' dir='ltr' id='par_1_1' title="bbox 270 252 1085 362">
     <span class='ocr_line' id='line_1_1' title="bbox 270 252 1085 362; baseline 0.017 -27"><span class='ocrx_word' id='word_1_1' title='bbox 270 252 624 337; x_wconf 65' lang='lat' dir='ltr'>consternantem·</span> <span class='ocrx_word' id='word_1_2' title='bbox 639 253 786 361; x_wconf 77' lang='lat' dir='ltr'>antiquo</span> <span class='ocrx_word' id='word_1_3' title='bbox 804 254 902 362; x_wconf 57' lang='grc' dir='ltr'>5ώῦ</span> <span class='ocrx_word' id='word_1_4' title='bbox 1007 271 1085 349; x_wconf 69' lang='grc'>288</span> 
     </span>
    </p>
   </div>
   <div class='ocr_carea' id='block_1_2' title="bbox 43 443 1091 1819">
    <p class='ocr_par' dir='ltr' id='par_1_2' title="bbox 43 443 1091 1819">
     <span class='ocr_line' id='line_1_2' title="bbox 84 443 1086 535; baseline 0 -22"><span class='ocrx_word' id='word_1_5' title='bbox 84 447 180 513; x_wconf 81' lang='lat' dir='ltr'>nubis</span> <span class='ocrx_word' id='word_1_6' title='bbox 209 445 249 511; x_wconf 91' lang='lat' dir='ltr'>de</span> <span class='ocrx_word' id='word_1_7' title='bbox 278 447 465 535; x_wconf 89' lang='lat' dir='ltr'>quibusdam</span> <span class='ocrx_word' id='word_1_8' title='bbox 487 447 863 534; x_wconf 72' lang='lat' dir='ltr'>eooledaliieisperlonis</span> <span class='ocrx_word' id='word_1_9' title='bbox 881 443 1086 527; x_wconf 71' lang='lat' dir='ltr'>reseruntura</span> 
     </span>
     <span class='ocr_line' id='line_1_3' title="bbox 83 533 1087 620; baseline 0 -21"><span class='ocrx_word' id='word_1_10' title='bbox 83 535 138 599; x_wconf 86' lang='lat' dir='ltr'>sed</span> <span class='ocrx_word' id='word_1_11' title='bbox 168 534 204 597; x_wconf 91' lang='lat' dir='ltr'>in</span> <span class='ocrx_word' id='word_1_12' title='bbox 233 555 366 606; x_wconf 87' lang='lat' dir='ltr'>eorum,</span> <span class='ocrx_word' id='word_1_13' title='bbox 404 534 462 620; x_wconf 85' lang='lat' dir='ltr'>qui·</span> <span class='ocrx_word' id='word_1_14' title='bbox 480 535 533 605; x_wconf 65' lang='lat' dir='ltr'>&#39;ad</span> <span class='ocrx_word' id='word_1_15' title='bbox 548 533 839 616; x_wconf 40' lang='lat' dir='ltr'>,evangelicarum</span> <span class='ocrx_word' id='word_1_16' title='bbox 871 537 1000 596; x_wconf 71' lang='lat' dir='ltr'>mabam</span> <span class='ocrx_word' id='word_1_17' title='bbox 1020 535 1087 599; x_wconf 81' lang='lat' dir='ltr'>Del</span> 
     </span>
     <span class='ocr_line' id='line_1_4' title="bbox 82 618 1087 705; baseline 0.002 -22"><span class='ocrx_word' id='word_1_18' title='bbox 82 618 319 705; x_wconf 83' lang='lat' dir='ltr'>luntdeputati,</span> <span class='ocrx_word' id='word_1_19' title='bbox 340 620 513 701; x_wconf 80' lang='lat' dir='ltr'>excessibus</span> <span class='ocrx_word' id='word_1_20' title='bbox 526 619 735 704; x_wconf 72' lang='lat' dir='ltr'>praedicando</span> <span class='ocrx_word' id='word_1_21' title='bbox 757 619 939 695; x_wconf 74' lang='lat' dir='ltr'>commissis,</span> <span class='ocrx_word' id='word_1_22' title='bbox 959 639 998 683; x_wconf 87' lang='lat' dir='ltr'>eo</span> <span class='ocrx_word' id='word_1_23' title='bbox 1009 637 1087 701; x_wconf 82' lang='lat' dir='ltr'>gra-</span> 
     </span>
     <span class='ocr_line' id='line_1_5' title="bbox 82 704 1086 855; baseline 0.003 -3"><span class='ocrx_word' id='word_1_24' title='bbox 82 704 807 855; x_wconf 67' lang='lat' dir='ltr'>stttt&#39;ttssns“stillststltls</span> <span class='ocrx_word' id='word_1_25' title='bbox 824 705 1086 855; x_wconf 67' lang='lat' dir='ltr'>-tst&#39;tttsst</span> 
     </span>
     <span class='ocr_line' id='line_1_6' title="bbox 83 811 1087 962; baseline 0.001 -26"><span class='ocrx_word' id='word_1_26' title='bbox 83 834 233 937; x_wconf 73' lang='lat' dir='ltr'>cordibud</span> <span class='ocrx_word' id='word_1_27' title='bbox 259 875 306 938; x_wconf 87' lang='lat' dir='ltr'>sic·</span> <span class='ocrx_word' id='word_1_28' title='bbox 321 876 447 961; x_wconf 82' lang='lat' dir='ltr'>publice</span> <span class='ocrx_word' id='word_1_29' title='bbox 467 811 854 962; x_wconf 60' lang='lat' dir='ltr'>puadtnndoqdiffudueq</span> <span class='ocrx_word' id='word_1_30' title='bbox 868 874 1087 938; x_wconf 86' lang='lat' dir='ltr'>et·damnabi-</span> 
     </span>
     <span class='ocr_line' id='line_1_7' title="bbox 81 958 1087 1045; baseline 0.003 -25"><span class='ocrx_word' id='word_1_31' title='bbox 81 960 147 1020; x_wconf 83' lang='lat' dir='ltr'>lius</span> <span class='ocrx_word' id='word_1_32' title='bbox 167 961 396 1045; x_wconf 87' lang='lat' dir='ltr'>imprimuntur</span> <span class='ocrx_word' id='word_1_33' title='bbox 419 973 555 1026; x_wconf 63' lang='lat' dir='ltr'>errores}</span> <span class='ocrx_word' id='word_1_34' title='bbox 570 992 586 1005; x_wconf 91' lang='lat'>··</span> <span class='ocrx_word' id='word_1_35' title='bbox 598 963 690 1038; x_wconf 88' lang='lat' dir='ltr'>Sane,</span> <span class='ocrx_word' id='word_1_36' title='bbox 725 982 795 1025; x_wconf 90' lang='lat' dir='ltr'>oum</span> <span class='ocrx_word' id='word_1_37' title='bbox 815 965 920 1029; x_wconf 87' lang='lat' dir='ltr'>sancta</span> <span class='ocrx_word' id='word_1_38' title='bbox 940 958 1087 1025; x_wconf 86' lang='lat' dir='ltr'>Romane</span> 
     </span>
     <span class='ocr_line' id='line_1_8' title="bbox 83 1028 1088 1135; baseline 0.003 -29"><span class='ocrx_word' id='word_1_39' title='bbox 83 1045 211 1107; x_wconf 84' lang='lat' dir='ltr'>ecclelia</span> <span class='ocrx_word' id='word_1_40' title='bbox 233 1043 272 1107; x_wconf 92' lang='lat' dir='ltr'>de</span> <span class='ocrx_word' id='word_1_41' title='bbox 293 1047 498 1110; x_wconf 67' lang='lat' dir='ltr'>intemeratae</span> <span class='ocrx_word' id='word_1_42' title='bbox 518 1028 985 1135; x_wconf 75' lang='lat' dir='ltr'>semperquavirginislllatiae</span> <span class='ocrx_word' id='word_1_43' title='bbox 1006 1060 1088 1109; x_wconf 65' lang='lat' dir='ltr'>oon⁴</span> 
     </span>
     <span class='ocr_line' id='line_1_9' title="bbox 83 1127 1088 1218; baseline 0.005 -28"><span class='ocrx_word' id='word_1_44' title='bbox 83 1129 233 1213; x_wconf 79' lang='lat' dir='ltr'>ceptione</span> <span class='ocrx_word' id='word_1_45' title='bbox 254 1133 379 1217; x_wconf 89' lang='lat' dir='ltr'>publice</span> <span class='ocrx_word' id='word_1_46' title='bbox 399 1127 880 1218; x_wconf 21' lang='lat' dir='ltr'>sellum*solemniter-celebret,</span> <span class='ocrx_word' id='word_1_47' title='bbox 901 1141 934 1194; x_wconf 89' lang='lat' dir='ltr'>et</span> <span class='ocrx_word' id='word_1_48' title='bbox 951 1132 1088 1216; x_wconf 85' lang='lat' dir='ltr'>speciale</span> 
     </span>
     <span class='ocr_line' id='line_1_10' title="bbox 82 1215 1087 1302; baseline 0.004 -28"><span class='ocrx_word' id='word_1_49' title='bbox 82 1234 117 1276; x_wconf 89' lang='lat' dir='ltr'>ac</span> <span class='ocrx_word' id='word_1_50' title='bbox 139 1215 306 1300; x_wconf 87' lang='lat' dir='ltr'>proprium</span> <span class='ocrx_word' id='word_1_51' title='bbox 328 1222 422 1302; x_wconf 91' lang='lat' dir='ltr'>super</span> <span class='ocrx_word' id='word_1_52' title='bbox 444 1219 509 1280; x_wconf 86' lang='lat' dir='ltr'>hoc</span> <span class='ocrx_word' id='word_1_53' title='bbox 526 1217 666 1281; x_wconf 85' lang='lat' dir='ltr'>officium</span> <span class='ocrx_word' id='word_1_54' title='bbox 688 1216 904 1280; x_wconf 78' lang='lat' dir='ltr'>ordinaverit:</span> <span class='ocrx_word' id='word_1_55' title='bbox 925 1216 1087 1294; x_wconf 83' lang='lat' dir='ltr'>nonnulli,</span> 
     </span>
     <span class='ocr_line' id='line_1_11' title="bbox 84 1297 1088 1390; baseline 0.003 -29"><span class='ocrx_word' id='word_1_56' title='bbox 84 1299 136 1374; x_wconf 83' lang='lat' dir='ltr'>(ut</span> <span class='ocrx_word' id='word_1_57' title='bbox 157 1297 367 1390; x_wconf 85' lang='lat' dir='ltr'>occepimus,)</span> <span class='ocrx_word' id='word_1_58' title='bbox 386 1301 586 1366; x_wconf 78' lang='lat' dir='ltr'>diversorum</span> <span class='ocrx_word' id='word_1_59' title='bbox 606 1303 763 1366; x_wconf 85' lang='lat' dir='ltr'>ordinum</span> <span class='ocrx_word' id='word_1_60' title='bbox 777 1299 1030 1388; x_wconf 73' lang='lat' dir='ltr'>praedicatores,</span> <span class='ocrx_word' id='word_1_61' title='bbox 1050 1301 1088 1365; x_wconf 88' lang='lat' dir='ltr'>in</span> 
     </span>
     <span class='ocr_line' id='line_1_12' title="bbox 43 1384 1088 1474; baseline 0.001 -26"><span class='ocrx_word' id='word_1_62' title='bbox 43 1460 45 1465; x_wconf 23' lang='grc' dir='ltr'>Ι</span> <span class='ocrx_word' id='word_1_63' title='bbox 81 1384 148 1448; x_wconf 90' lang='lat' dir='ltr'>suis</span> <span class='ocrx_word' id='word_1_64' title='bbox 169 1388 368 1449; x_wconf 81' lang='lat' dir='ltr'>sermonibus</span> <span class='ocrx_word' id='word_1_65' title='bbox 395 1385 433 1450; x_wconf 87' lang='lat' dir='ltr'>od</span> <span class='ocrx_word' id='word_1_66' title='bbox 456 1390 622 1474; x_wconf 81' lang='lat' dir='ltr'>-po&#39;pulurn</span> <span class='ocrx_word' id='word_1_67' title='bbox 642 1389 769 1474; x_wconf 85' lang='lat' dir='ltr'>publice</span> <span class='ocrx_word' id='word_1_68' title='bbox 782 1424 785 1431; x_wconf 89' lang='lat'>-</span> <span class='ocrx_word' id='word_1_69' title='bbox 798 1385 1018 1473; x_wconf 60' lang='lat' dir='ltr'>per&#39;diiersas</span> <span class='ocrx_word' id='word_1_70' title='bbox 1038 1386 1088 1449; x_wconf 86' lang='lat' dir='ltr'>ci-</span> 
     </span>
     <span class='ocr_line' id='line_1_13' title="bbox 82 1470 1089 1549; baseline 0.001 -17"><span class='ocrx_word' id='word_1_71' title='bbox 82 1470 198 1532; x_wconf 74' lang='lat' dir='ltr'>iitates</span> <span class='ocrx_word' id='word_1_72' title='bbox 219 1481 254 1534; x_wconf 85' lang='lat' dir='ltr'>et</span> <span class='ocrx_word' id='word_1_73' title='bbox 274 1483 374 1534; x_wconf 79' lang='lat' dir='ltr'>terrea</span> <span class='ocrx_word' id='word_1_74' title='bbox 393 1471 554 1536; x_wconf 85' lang='lat' dir='ltr'>affirmare·</span> <span class='ocrx_word' id='word_1_75' title='bbox 570 1475 729 1537; x_wconf 80' lang='lat' dir='ltr'>ltact&#39;enus·</span> <span class='ocrx_word' id='word_1_76' title='bbox 743 1492 809 1536; x_wconf 85' lang='lat' dir='ltr'>non</span> <span class='ocrx_word' id='word_1_77' title='bbox 831 1473 1034 1549; x_wconf 86' lang='lat' dir='ltr'>erubuerunt,</span> <span class='ocrx_word' id='word_1_78' title='bbox 1053 1480 1089 1535; x_wconf 89' lang='lat' dir='ltr'>et</span> 
     </span>
     <span class='ocr_line' id='line_1_14' title="bbox 82 1554 1089 1644; baseline 0.003 -28"><span class='ocrx_word' id='word_1_79' title='bbox 82 1554 229 1641; x_wconf 86' lang='lat' dir='ltr'>qnotidie</span> <span class='ocrx_word' id='word_1_80' title='bbox 249 1557 430 1641; x_wconf 85' lang='lat' dir='ltr'>praedicare</span> <span class='ocrx_word' id='word_1_81' title='bbox 450 1580 517 1623; x_wconf 92' lang='lat' dir='ltr'>non</span> <span class='ocrx_word' id='word_1_82' title='bbox 538 1557 670 1637; x_wconf 73' lang='lat' dir='ltr'>cessant,</span> <span class='ocrx_word' id='word_1_83' title='bbox 684 1592 687 1597; x_wconf 85' lang='lat'>.</span> <span class='ocrx_word' id='word_1_84' title='bbox 701 1568 812 1622; x_wconf 85' lang='lat' dir='ltr'>otnnee</span> <span class='ocrx_word' id='word_1_85' title='bbox 832 1559 938 1635; x_wconf 77' lang='lat' dir='ltr'>illos,</span> <span class='ocrx_word' id='word_1_86' title='bbox 959 1557 1015 1644; x_wconf 90' lang='lat' dir='ltr'>qui</span> <span class='ocrx_word' id='word_1_87' title='bbox 1035 1566 1089 1619; x_wconf 85' lang='lat' dir='ltr'>te-</span> 
     </span>
     <span class='ocr_line' id='line_1_15' title="bbox 81 1641 1091 1729; baseline 0.001 -27"><span class='ocrx_word' id='word_1_88' title='bbox 81 1654 180 1717; x_wconf 89' lang='lat' dir='ltr'>nent,</span> <span class='ocrx_word' id='word_1_89' title='bbox 211 1652 265 1704; x_wconf 86' lang='lat' dir='ltr'>aut</span> <span class='ocrx_word' id='word_1_90' title='bbox 293 1641 450 1722; x_wconf 81' lang='lat' dir='ltr'>afferunt,</span> <span class='ocrx_word' id='word_1_91' title='bbox 471 1644 627 1708; x_wconf 82' lang='lat' dir='ltr'>&#39;eamdem</span> <span class='ocrx_word' id='word_1_92' title='bbox 656 1645 883 1725; x_wconf 72' lang='lat' dir='ltr'>gloriosam&#39;et</span> <span class='ocrx_word' id='word_1_93' title='bbox 902 1642 1091 1729; x_wconf 86' lang='lat' dir='ltr'>immacula-</span> 
     </span>
     <span class='ocr_line' id='line_1_16' title="bbox 81 1725 1089 1819; baseline 0.004 -33"><span class='ocrx_word' id='word_1_94' title='bbox 81 1735 146 1786; x_wconf 90' lang='lat' dir='ltr'>tam</span> <span class='ocrx_word' id='word_1_95' title='bbox 168 1725 230 1789; x_wconf 88' lang='lat' dir='ltr'>Dei</span> <span class='ocrx_word' id='word_1_96' title='bbox 250 1727 437 1808; x_wconf 82' lang='lat' dir='ltr'>genitricem</span> <span class='ocrx_word' id='word_1_97' title='bbox 465 1731 585 1819; x_wconf 75' lang='lat' dir='ltr'>absque</span> <span class='ocrx_word' id='word_1_98' title='bbox 600 1730 781 1810; x_wconf 78' lang='lat' dir='ltr'>originalis</span> <span class='ocrx_word' id='word_1_99' title='bbox 812 1729 933 1814; x_wconf 86' lang='lat' dir='ltr'>peccati</span> <span class='ocrx_word' id='word_1_100' title='bbox 965 1727 1089 1791; x_wconf 84' lang='lat' dir='ltr'>macula</span> 
     </span>
    </p>
   </div>
   <div class='ocr_carea' id='block_1_3' title="bbox 82 1805 1216 1902">
    <p class='ocr_par' dir='ltr' id='par_1_3' title="bbox 82 1805 1216 1902">
     <span class='ocr_line' id='line_1_17' title="bbox 82 1805 1216 1902; baseline 0.005 -31"><span class='ocrx_word' id='word_1_101' title='bbox 82 1805 177 1873; x_wconf 80' lang='lat' dir='ltr'>soille</span> <span class='ocrx_word' id='word_1_102' title='bbox 198 1824 402 1899; x_wconf 84' lang='lat' dir='ltr'>conceptam,</span> <span class='ocrx_word' id='word_1_103' title='bbox 433 1818 621 1879; x_wconf 75' lang='lat' dir='ltr'>mortaliter</span> <span class='ocrx_word' id='word_1_104' title='bbox 638 1836 783 1902; x_wconf 88' lang='lat' dir='ltr'>peccare,</span> <span class='ocrx_word' id='word_1_105' title='bbox 815 1815 869 1878; x_wconf 77' lang='lat' dir='ltr'>vel</span> <span class='ocrx_word' id='word_1_106' title='bbox 892 1812 956 1891; x_wconf 79' lang='lat' dir='ltr'>effe</span> <span class='ocrx_word' id='word_1_107' title='bbox 973 1813 1090 1876; x_wconf 81' lang='lat' dir='ltr'>haere·</span> <span class='ocrx_word' id='word_1_108' title='bbox 1213 1808 1216 1816; x_wconf 74' lang='grc'><strong>’</strong></span> 
     </span>
    </p>
   </div>
   <div class='ocr_carea' id='block_1_4' title="bbox 40 1897 1174 3860">
    <p class='ocr_par' dir='ltr' id='par_1_4' title="bbox 40 1897 1174 3860">
     <span class='ocr_line' id='line_1_18' title="bbox 82 1897 1090 1980; baseline 0.004 -24"><span class='ocrx_word' id='word_1_109' title='bbox 82 1897 182 1971; x_wconf 81' lang='lat' dir='ltr'>ticos:</span> <span class='ocrx_word' id='word_1_110' title='bbox 205 1898 344 1980; x_wconf 86' lang='lat' dir='ltr'>ejusdem</span> <span class='ocrx_word' id='word_1_111' title='bbox 365 1900 585 1964; x_wconf 86' lang='lat' dir='ltr'>immaculatae</span> <span class='ocrx_word' id='word_1_112' title='bbox 598 1918 694 1964; x_wconf 81' lang='lat' dir='ltr'>conce</span> <span class='ocrx_word' id='word_1_113' title='bbox 721 1897 981 1963; x_wconf 78' lang='lat' dir='ltr'>tionis-officium</span> <span class='ocrx_word' id='word_1_114' title='bbox 1002 1898 1090 1961; x_wconf 86' lang='lat' dir='ltr'>cele·</span> 
     </span>
     <span class='ocr_line' id='line_1_19' title="bbox 84 1923 1091 2072; baseline 0.004 -30"><span class='ocrx_word' id='word_1_115' title='bbox 84 1983 229 2059; x_wconf 88' lang='lat' dir='ltr'>brantea,</span> <span class='ocrx_word' id='word_1_116' title='bbox 252 1983 477 2072; x_wconf 76' lang='lat' dir='ltr'>audientesque</span> <span class='ocrx_word' id='word_1_117' title='bbox 499 1990 662 2050; x_wconf 80' lang='lat' dir='ltr'>sermones</span> <span class='ocrx_word' id='word_1_118' title='bbox 684 1923 840 2065; x_wconf 69' lang='lat' dir='ltr'>illorum,</span> <span class='ocrx_word' id='word_1_119' title='bbox 863 1985 919 2070; x_wconf 87' lang='lat' dir='ltr'>qui</span> <span class='ocrx_word' id='word_1_120' title='bbox 933 2005 1003 2047; x_wconf 86' lang='lat' dir='ltr'>earn</span> <span class='ocrx_word' id='word_1_121' title='bbox 1023 1984 1091 2046; x_wconf 81' lang='lat' dir='ltr'>line</span> 
     </span>
     <span class='ocr_line' id='line_1_20' title="bbox 82 2066 1088 2157; baseline 0.003 -29"><span class='ocrx_word' id='word_1_122' title='bbox 82 2066 270 2149; x_wconf 81' lang='lat' dir='ltr'>hujusmodi</span> <span class='ocrx_word' id='word_1_123' title='bbox 291 2072 412 2133; x_wconf 90' lang='lat' dir='ltr'>macula</span> <span class='ocrx_word' id='word_1_124' title='bbox 443 2083 627 2157; x_wconf 84' lang='lat' dir='ltr'>conceptam</span> <span class='ocrx_word' id='word_1_125' title='bbox 657 2069 721 2134; x_wconf 84' lang='lat' dir='ltr'>elle</span> <span class='ocrx_word' id='word_1_126' title='bbox 752 2069 925 2146; x_wconf 86' lang='lat' dir='ltr'>affirmant,</span> <span class='ocrx_word' id='word_1_127' title='bbox 957 2087 1088 2154; x_wconf 86' lang='lat' dir='ltr'>peccare</span> 
     </span>
     <span class='ocr_line' id='line_1_21' title="bbox 72 2152 1089 2240; baseline 0.002 -27"><span class='ocrx_word' id='word_1_128' title='bbox 72 2153 234 2231; x_wconf 70' lang='lat' dir='ltr'>graviter.</span> <span class='ocrx_word' id='word_1_129' title='bbox 279 2154 341 2217; x_wconf 86' lang='lat' dir='ltr'>Sed</span> <span class='ocrx_word' id='word_1_130' title='bbox 372 2165 405 2217; x_wconf 87' lang='lat' dir='ltr'>et</span> <span class='ocrx_word' id='word_1_131' title='bbox 435 2152 588 2239; x_wconf 80' lang='lat' dir='ltr'>praefatis</span> <span class='ocrx_word' id='word_1_132' title='bbox 609 2153 898 2240; x_wconf 86' lang='lat' dir='ltr'>praedicationibus</span> <span class='ocrx_word' id='word_1_133' title='bbox 918 2174 985 2216; x_wconf 89' lang='lat' dir='ltr'>non</span> <span class='ocrx_word' id='word_1_134' title='bbox 1006 2172 1089 2215; x_wconf 89' lang='lat' dir='ltr'>con-</span> 
     </span>
     <span class='ocr_line' id='line_1_22' title="bbox 82 2234 1090 2323; baseline -0.001 -26"><span class='ocrx_word' id='word_1_135' title='bbox 82 2237 185 2313; x_wconf 90' lang='lat' dir='ltr'>tenti,</span> <span class='ocrx_word' id='word_1_136' title='bbox 215 2234 379 2300; x_wconf 86' lang='lat' dir='ltr'>confectos</span> <span class='ocrx_word' id='word_1_137' title='bbox 409 2242 502 2323; x_wconf 85' lang='lat' dir='ltr'>super</span> <span class='ocrx_word' id='word_1_138' title='bbox 523 2241 577 2302; x_wconf 83' lang='lat' dir='ltr'>hia</span> <span class='ocrx_word' id='word_1_139' title='bbox 598 2241 663 2302; x_wconf 87' lang='lat' dir='ltr'>luis</span> <span class='ocrx_word' id='word_1_140' title='bbox 683 2237 906 2301; x_wconf 76' lang='lat' dir='ltr'>assertionibus</span> <span class='ocrx_word' id='word_1_141' title='bbox 927 2238 1029 2320; x_wconf 88' lang='lat' dir='ltr'>libros</span> <span class='ocrx_word' id='word_1_142' title='bbox 1050 2236 1090 2308; x_wconf 68' lang='lat' dir='ltr'>ia</span> 
     </span>
     <span class='ocr_line' id='line_1_23' title="bbox 82 2320 1174 2410; baseline 0.002 -30"><span class='ocrx_word' id='word_1_143' title='bbox 82 2322 246 2405; x_wconf 80' lang='lat' dir='ltr'>publicum</span> <span class='ocrx_word' id='word_1_144' title='bbox 268 2320 453 2400; x_wconf 81' lang='lat' dir='ltr'>ediderunt3</span> <span class='ocrx_word' id='word_1_145' title='bbox 480 2344 522 2386; x_wconf 82' lang='lat' dir='ltr'>ex</span> <span class='ocrx_word' id='word_1_146' title='bbox 536 2344 670 2410; x_wconf 88' lang='lat' dir='ltr'>quorum</span> <span class='ocrx_word' id='word_1_147' title='bbox 691 2320 970 2386; x_wconf 73' lang='lat' dir='ltr'>asertionibuset</span> <span class='ocrx_word' id='word_1_148' title='bbox 992 2339 1090 2406; x_wconf 66' lang='lat' dir='ltr'>praed</span> <span class='ocrx_word' id='word_1_149' title='bbox 1170 2327 1174 2339; x_wconf 82' lang='grc'><em>’</em></span> 
     </span>
     <span class='ocr_line' id='line_1_24' title="bbox 83 2404 1090 2494; baseline 0.005 -28"><span class='ocrx_word' id='word_1_150' title='bbox 83 2406 298 2469; x_wconf 76' lang='lat' dir='ltr'>dictationibus</span> <span class='ocrx_word' id='word_1_151' title='bbox 327 2427 394 2470; x_wconf 91' lang='lat' dir='ltr'>non</span> <span class='ocrx_word' id='word_1_152' title='bbox 423 2409 508 2494; x_wconf 74' lang='lat' dir='ltr'>levia</span> <span class='ocrx_word' id='word_1_153' title='bbox 539 2407 680 2491; x_wconf 76' lang='lat' dir='ltr'>scandala</span> <span class='ocrx_word' id='word_1_154' title='bbox 710 2409 744 2470; x_wconf 91' lang='lat' dir='ltr'>in</span> <span class='ocrx_word' id='word_1_155' title='bbox 764 2406 925 2470; x_wconf 82' lang='lat' dir='ltr'>mantibus</span> <span class='ocrx_word' id='word_1_156' title='bbox 942 2404 1090 2471; x_wconf 86' lang='lat' dir='ltr'>fidelium</span> 
     </span>
     <span class='ocr_line' id='line_1_25' title="bbox 82 2487 1090 2576; baseline -0.001 -22"><span class='ocrx_word' id='word_1_157' title='bbox 82 2503 205 2554; x_wconf 83' lang='lat' dir='ltr'>exorta·</span> <span class='ocrx_word' id='word_1_158' title='bbox 217 2495 307 2568; x_wconf 87' lang='lat' dir='ltr'>sunt,</span> <span class='ocrx_word' id='word_1_159' title='bbox 325 2505 358 2556; x_wconf 88' lang='lat' dir='ltr'>et</span> <span class='ocrx_word' id='word_1_160' title='bbox 381 2494 498 2576; x_wconf 84' lang='lat' dir='ltr'>majora</span> <span class='ocrx_word' id='word_1_161' title='bbox 516 2495 634 2559; x_wconf 85' lang='lat' dir='ltr'>merito</span> <span class='ocrx_word' id='word_1_162' title='bbox 655 2493 778 2559; x_wconf 84' lang='lat' dir='ltr'>exoriri</span> <span class='ocrx_word' id='word_1_163' title='bbox 797 2487 1012 2554; x_wconf 78' lang='lat' dir='ltr'>soranidantur</span> <span class='ocrx_word' id='word_1_164' title='bbox 1034 2490 1090 2553; x_wconf 87' lang='lat' dir='ltr'>in·</span> 
     </span>
     <span class='ocr_line' id='line_1_26' title="bbox 81 2575 1090 2663; baseline -0.001 -24"><span class='ocrx_word' id='word_1_165' title='bbox 81 2575 162 2639; x_wconf 85' lang='lat' dir='ltr'>dies.</span> <span class='ocrx_word' id='word_1_166' title='bbox 191 2575 259 2639; x_wconf 89' lang='lat' dir='ltr'>Nos</span> <span class='ocrx_word' id='word_1_167' title='bbox 281 2578 390 2657; x_wconf 80' lang='lat' dir='ltr'>igitur,</span> <span class='ocrx_word' id='word_1_168' title='bbox 411 2579 595 2663; x_wconf 88' lang='lat' dir='ltr'>hujusmodi</span> <span class='ocrx_word' id='word_1_169' title='bbox 613 2578 792 2642; x_wconf 80' lang='lat' dir='ltr'>temerariis</span> <span class='ocrx_word' id='word_1_170' title='bbox 802 2577 934 2651; x_wconf 83' lang='lat' dir='ltr'>ausibus,</span> <span class='ocrx_word' id='word_1_171' title='bbox 954 2596 989 2640; x_wconf 81' lang='lat' dir='ltr'>ac</span> <span class='ocrx_word' id='word_1_172' title='bbox 1011 2595 1090 2662; x_wconf 87' lang='lat' dir='ltr'>per-</span> 
     </span>
     <span class='ocr_line' id='line_1_27' title="bbox 81 2657 1091 2751; baseline -0.002 -26"><span class='ocrx_word' id='word_1_173' title='bbox 81 2662 180 2749; x_wconf 71' lang='lat' dir='ltr'>versis</span> <span class='ocrx_word' id='word_1_174' title='bbox 203 2661 425 2727; x_wconf 78' lang='lat' dir='ltr'>affectionibus</span> <span class='ocrx_word' id='word_1_175' title='bbox 454 2686 489 2727; x_wconf 90' lang='lat' dir='ltr'>ac</span> <span class='ocrx_word' id='word_1_176' title='bbox 519 2665 691 2742; x_wconf 84' lang='lat' dir='ltr'>scandalis,</span> <span class='ocrx_word' id='word_1_177' title='bbox 726 2684 805 2751; x_wconf 87' lang='lat' dir='ltr'>quae</span> <span class='ocrx_word' id='word_1_178' title='bbox 829 2663 948 2727; x_wconf 78' lang='lat' dir='ltr'>exinde</span> <span class='ocrx_word' id='word_1_179' title='bbox 969 2663 1004 2725; x_wconf 93' lang='lat' dir='ltr'>in</span> <span class='ocrx_word' id='word_1_180' title='bbox 1023 2657 1091 2747; x_wconf 82' lang='lat' dir='ltr'>Dei·</span> 
     </span>
     <span class='ocr_line' id='line_1_28' title="bbox 81 2748 1157 2839; baseline 0 -29"><span class='ocrx_word' id='word_1_181' title='bbox 81 2748 207 2811; x_wconf 86' lang='lat' dir='ltr'>ecclesia</span> <span class='ocrx_word' id='word_1_182' title='bbox 228 2750 352 2812; x_wconf 72' lang='lat' dir='ltr'>exoriri</span> <span class='ocrx_word' id='word_1_183' title='bbox 372 2748 521 2837; x_wconf 77' lang='lat' dir='ltr'>poliunt,</span> <span class='ocrx_word' id='word_1_184' title='bbox 550 2749 717 2839; x_wconf 85' lang='lat' dir='ltr'>(quantum</span> <span class='ocrx_word' id='word_1_185' title='bbox 737 2750 831 2813; x_wconf 88' lang='lat' dir='ltr'>nobis</span> <span class='ocrx_word' id='word_1_186' title='bbox 852 2769 896 2813; x_wconf 82' lang='lat' dir='ltr'>ex</span> <span class='ocrx_word' id='word_1_187' title='bbox 921 2749 986 2809; x_wconf 92' lang='lat' dir='ltr'>alto</span> <span class='ocrx_word' id='word_1_188' title='bbox 1007 2768 1089 2810; x_wconf 89' lang='lat' dir='ltr'>con·-</span> <span class='ocrx_word' id='word_1_189' title='bbox 1129 2766 1131 2770; x_wconf 84' lang='lat'>·</span> <span class='ocrx_word' id='word_1_190' title='bbox 1155 2767 1157 2770; x_wconf 53' lang='lat'><em>⁴</em></span> 
     </span>
     <span class='ocr_line' id='line_1_29' title="bbox 81 2829 1088 2920; baseline 0.001 -27"><span class='ocrx_word' id='word_1_191' title='bbox 81 2832 230 2912; x_wconf 89' lang='lat' dir='ltr'>ceditur,)</span> <span class='ocrx_word' id='word_1_192' title='bbox 251 2835 384 2898; x_wconf 73' lang='lat' dir='ltr'>obviare</span> <span class='ocrx_word' id='word_1_193' title='bbox 405 2838 570 2915; x_wconf 79' lang='lat' dir='ltr'>volentes,¹</span> <span class='ocrx_word' id='word_1_194' title='bbox 586 2846 674 2900; x_wconf 91' lang='lat' dir='ltr'>motu</span> <span class='ocrx_word' id='word_1_195' title='bbox 695 2835 853 2920; x_wconf 83' lang='lat' dir='ltr'>proprio,</span> <span class='ocrx_word' id='word_1_196' title='bbox 873 2854 939 2896; x_wconf 91' lang='lat' dir='ltr'>non</span> <span class='ocrx_word' id='word_1_197' title='bbox 960 2829 999 2893; x_wconf 89' lang='lat' dir='ltr'>ad</span> <span class='ocrx_word' id='word_1_198' title='bbox 1021 2832 1088 2894; x_wconf 83' lang='lat' dir='ltr'>ali·</span> 
     </span>
     <span class='ocr_line' id='line_1_30' title="bbox 81 2914 1091 3007; baseline 0 -28"><span class='ocrx_word' id='word_1_199' title='bbox 81 2917 167 2999; x_wconf 87' lang='lat' dir='ltr'>cujus</span> <span class='ocrx_word' id='word_1_200' title='bbox 187 2920 290 2982; x_wconf 87' lang='lat' dir='ltr'>nobis&#39;·</span> <span class='ocrx_word' id='word_1_201' title='bbox 302 2926 395 3006; x_wconf 91' lang='lat' dir='ltr'>super</span> <span class='ocrx_word' id='word_1_202' title='bbox 413 2921 476 2984; x_wconf 86' lang='lat' dir='ltr'>hoc</span> <span class='ocrx_word' id='word_1_203' title='bbox 498 2924 621 2985; x_wconf 87' lang='lat' dir='ltr'>oblatae</span> <span class='ocrx_word' id='word_1_204' title='bbox 640 2921 810 3007; x_wconf 85' lang='lat' dir='ltr'>petitionis</span> <span class='ocrx_word' id='word_1_205' title='bbox 830 2916 1019 2994; x_wconf 77' lang='lat' dir='ltr'>instantiam,</span> <span class='ocrx_word' id='word_1_206' title='bbox 1033 2914 1091 2979; x_wconf 88' lang='lat' dir='ltr'>sed</span> 
     </span>
     <span class='ocr_line' id='line_1_31' title="bbox 80 2999 1089 3083; baseline -0.003 -18"><span class='ocrx_word' id='word_1_207' title='bbox 80 3001 120 3065; x_wconf 90' lang='lat' dir='ltr'>de</span> <span class='ocrx_word' id='word_1_208' title='bbox 132 3002 233 3066; x_wconf 85' lang='lat' dir='ltr'>nostra</span> <span class='ocrx_word' id='word_1_209' title='bbox 254 3027 340 3069; x_wconf 87' lang='lat' dir='ltr'>mera</span> <span class='ocrx_word' id='word_1_210' title='bbox 361 3005 592 3073; x_wconf 84' lang='lat' dir='ltr'>deliberatione</span> <span class='ocrx_word' id='word_1_211' title='bbox 603 3017 636 3070; x_wconf 90' lang='lat' dir='ltr'>et</span> <span class='ocrx_word' id='word_1_212' title='bbox 647 3016 730 3069; x_wconf 84' lang='lat' dir='ltr'>certa</span> <span class='ocrx_word' id='word_1_213' title='bbox 742 3004 883 3078; x_wconf 88' lang='lat' dir='ltr'>scientia,</span> <span class='ocrx_word' id='word_1_214' title='bbox 903 2999 1089 3083; x_wconf 86' lang='lat' dir='ltr'>hujusmodi</span> 
     </span>
     <span class='ocr_line' id='line_1_32' title="bbox 81 3084 1090 3177; baseline 0 -28"><span class='ocrx_word' id='word_1_215' title='bbox 81 3087 268 3154; x_wconf 78' lang='lat' dir='ltr'>assertiones</span> <span class='ocrx_word' id='word_1_216' title='bbox 300 3084 552 3177; x_wconf 80' lang='lat' dir='ltr'>praedicatorum</span> <span class='ocrx_word' id='word_1_217' title='bbox 573 3092 758 3155; x_wconf 89' lang='lat' dir='ltr'>eorumdem</span> <span class='ocrx_word' id='word_1_218' title='bbox 787 3099 822 3151; x_wconf 91' lang='lat' dir='ltr'>et</span> <span class='ocrx_word' id='word_1_219' title='bbox 848 3086 986 3149; x_wconf 87' lang='lat' dir='ltr'>aliorum</span> <span class='ocrx_word' id='word_1_220' title='bbox 1007 3104 1090 3172; x_wconf 62' lang='lat' dir='ltr'>quoa</span> 
     </span>
     <span class='ocr_line' id='line_1_33' title="bbox 80 3171 1089 3263; baseline -0.001 -28"><span class='ocrx_word' id='word_1_221' title='bbox 80 3176 252 3253; x_wconf 87' lang='lat' dir='ltr'>rumlibet,</span> <span class='ocrx_word' id='word_1_222' title='bbox 284 3176 339 3263; x_wconf 88' lang='lat' dir='ltr'>qui</span> <span class='ocrx_word' id='word_1_223' title='bbox 369 3175 527 3239; x_wconf 85' lang='lat' dir='ltr'>affirmare</span> <span class='ocrx_word' id='word_1_224' title='bbox 570 3180 801 3250; x_wconf 85' lang='lat' dir='ltr'>raesumerent,</span> <span class='ocrx_word' id='word_1_225' title='bbox 822 3192 880 3235; x_wconf 87' lang='lat' dir='ltr'>eos</span> <span class='ocrx_word' id='word_1_226' title='bbox 899 3171 956 3257; x_wconf 88' lang='lat' dir='ltr'>qui</span> <span class='ocrx_word' id='word_1_227' title='bbox 975 3171 1089 3234; x_wconf 86' lang='lat' dir='ltr'>erede-</span> 
     </span>
     <span class='ocr_line' id='line_1_34' title="bbox 80 3198 1088 3342; baseline -0.001 -22"><span class='ocrx_word' id='word_1_228' title='bbox 80 3270 153 3322; x_wconf 86' lang='lat' dir='ltr'>rent</span> <span class='ocrx_word' id='word_1_229' title='bbox 183 3271 236 3321; x_wconf 90' lang='lat' dir='ltr'>aut</span> <span class='ocrx_word' id='word_1_230' title='bbox 265 3272 428 3339; x_wconf 87' lang='lat' dir='ltr'>tenerent,</span> <span class='ocrx_word' id='word_1_231' title='bbox 453 3198 695 3326; x_wconf 76' lang='lat' dir='ltr'>eamdem-Dei</span> <span class='ocrx_word' id='word_1_232' title='bbox 715 3258 905 3342; x_wconf 82' lang='lat' dir='ltr'>genitricem</span> <span class='ocrx_word' id='word_1_233' title='bbox 923 3258 962 3321; x_wconf 87' lang='lat' dir='ltr'>ab</span> <span class='ocrx_word' id='word_1_234' title='bbox 984 3256 1088 3337; x_wconf 77' lang='lat' dir='ltr'>origi·</span> 
     </span>
     <span class='ocr_line' id='line_1_35' title="bbox 81 3345 1089 3433; baseline 0.002 -29"><span class='ocrx_word' id='word_1_235' title='bbox 81 3345 167 3405; x_wconf 84' lang='lat' dir='ltr'>nolis</span> <span class='ocrx_word' id='word_1_236' title='bbox 186 3347 308 3431; x_wconf 87' lang='lat' dir='ltr'>peccati</span> <span class='ocrx_word' id='word_1_237' title='bbox 332 3348 453 3410; x_wconf 88' lang='lat' dir='ltr'>macula</span> <span class='ocrx_word' id='word_1_238' title='bbox 484 3349 519 3412; x_wconf 92' lang='lat' dir='ltr'>in</span> <span class='ocrx_word' id='word_1_239' title='bbox 548 3353 601 3412; x_wconf 86' lang='lat' dir='ltr'>sua</span> <span class='ocrx_word' id='word_1_240' title='bbox 623 3345 832 3433; x_wconf 87' lang='lat' dir='ltr'>conceptione</span> <span class='ocrx_word' id='word_1_241' title='bbox 855 3346 1089 3428; x_wconf 75' lang='lat' dir='ltr'>praeferratum</span> 
     </span>
     <span class='ocr_line' id='line_1_36' title="bbox 83 3423 1090 3516; baseline 0.004 -30"><span class='ocrx_word' id='word_1_242' title='bbox 83 3423 193 3505; x_wconf 83' lang='lat' dir='ltr'>soille,</span> <span class='ocrx_word' id='word_1_243' title='bbox 226 3442 396 3516; x_wconf 86' lang='lat' dir='ltr'>propterea</span> <span class='ocrx_word' id='word_1_244' title='bbox 426 3432 557 3516; x_wconf 84' lang='lat' dir='ltr'>alicujus</span> <span class='ocrx_word' id='word_1_245' title='bbox 584 3434 719 3496; x_wconf 88' lang='lat' dir='ltr'>haeresis</span> <span class='ocrx_word' id='word_1_246' title='bbox 749 3431 819 3493; x_wconf 89' lang='lat' dir='ltr'>labe</span> <span class='ocrx_word' id='word_1_247' title='bbox 839 3428 984 3514; x_wconf 92' lang='lat' dir='ltr'>pollutos</span> <span class='ocrx_word' id='word_1_248' title='bbox 1006 3426 1090 3504; x_wconf 75' lang='lat' dir='ltr'>lore,</span> 
     </span>
     <span class='ocr_line' id='line_1_37' title="bbox 82 3512 1090 3601; baseline 0.002 -28"><span class='ocrx_word' id='word_1_249' title='bbox 82 3513 138 3574; x_wconf 87' lang='lat' dir='ltr'>vel</span> <span class='ocrx_word' id='word_1_250' title='bbox 167 3518 350 3581; x_wconf 77' lang='lat' dir='ltr'>rnortaliter</span> <span class='ocrx_word' id='word_1_251' title='bbox 378 3531 540 3601; x_wconf 75' lang='lat' dir='ltr'>peccaret·</span> <span class='ocrx_word' id='word_1_252' title='bbox 556 3530 610 3582; x_wconf 90' lang='lat' dir='ltr'>aut</span> <span class='ocrx_word' id='word_1_253' title='bbox 641 3514 823 3600; x_wconf 84' lang='lat' dir='ltr'>hujusmodi</span> <span class='ocrx_word' id='word_1_254' title='bbox 847 3512 985 3576; x_wconf 84' lang='lat' dir='ltr'>officium</span> <span class='ocrx_word' id='word_1_255' title='bbox 1008 3528 1090 3576; x_wconf 56' lang='lat' dir='ltr'>con*</span> 
     </span>
     <span class='ocr_line' id='line_1_38' title="bbox 40 3595 1090 3687; baseline 0 -28"><span class='ocrx_word' id='word_1_256' title='bbox 40 3602 43 3607; x_wconf 87' lang='lat'>&#39;</span> <span class='ocrx_word' id='word_1_257' title='bbox 83 3597 243 3683; x_wconf 87' lang='lat' dir='ltr'>captionis</span> <span class='ocrx_word' id='word_1_258' title='bbox 263 3604 474 3681; x_wconf 80' lang='lat' dir='ltr'>celebrantes,</span> <span class='ocrx_word' id='word_1_259' title='bbox 495 3595 555 3667; x_wconf 76' lang='lat' dir='ltr'>seu³</span> <span class='ocrx_word' id='word_1_260' title='bbox 570 3600 751 3687; x_wconf 86' lang='lat' dir='ltr'>hujusmodi</span> <span class='ocrx_word' id='word_1_261' title='bbox 771 3606 934 3664; x_wconf 80' lang='lat' dir='ltr'>sermones</span> <span class='ocrx_word' id='word_1_262' title='bbox 953 3598 1090 3660; x_wconf 88' lang='lat' dir='ltr'>audien-</span> 
     </span>
     <span class='ocr_line' id='line_1_39' title="bbox 82 3683 1090 3772; baseline -0.003 -25"><span class='ocrx_word' id='word_1_263' title='bbox 82 3695 148 3759; x_wconf 75' lang='lat' dir='ltr'>tes,</span> <span class='ocrx_word' id='word_1_264' title='bbox 170 3683 307 3767; x_wconf 85' lang='lat' dir='ltr'>alicujus·</span> <span class='ocrx_word' id='word_1_265' title='bbox 319 3689 439 3772; x_wconf 84' lang='lat' dir='ltr'>peccati</span> <span class='ocrx_word' id='word_1_266' title='bbox 460 3701 580 3752; x_wconf 85' lang='lat' dir='ltr'>reatum</span> <span class='ocrx_word' id='word_1_267' title='bbox 602 3692 784 3765; x_wconf 84' lang='lat' dir='ltr'>incurrere,</span> <span class='ocrx_word' id='word_1_268' title='bbox 811 3695 924 3771; x_wconf 88' lang='lat' dir='ltr'>utpote</span> <span class='ocrx_word' id='word_1_269' title='bbox 943 3683 1034 3746; x_wconf 82' lang='lat' dir='ltr'>sallas</span> <span class='ocrx_word' id='word_1_270' title='bbox 1055 3692 1090 3745; x_wconf 85' lang='lat' dir='ltr'>et</span> 
     </span>
     <span class='ocr_line' id='line_1_40' title="bbox 83 3767 1091 3860; baseline -0.002 -30"><span class='ocrx_word' id='word_1_271' title='bbox 83 3791 249 3841; x_wconf 87' lang='lat' dir='ltr'>erroneos,</span> <span class='ocrx_word' id='word_1_272' title='bbox 279 3783 311 3834; x_wconf 90' lang='lat' dir='ltr'>et</span> <span class='ocrx_word' id='word_1_273' title='bbox 333 3793 350 3834; x_wconf 86' lang='lat' dir='ltr'>a</span> <span class='ocrx_word' id='word_1_274' title='bbox 372 3773 506 3837; x_wconf 83' lang='lat' dir='ltr'>varitate</span> <span class='ocrx_word' id='word_1_275' title='bbox 525 3775 653 3860; x_wconf 85' lang='lat' dir='ltr'>penitus</span> <span class='ocrx_word' id='word_1_276' title='bbox 671 3773 807 3849; x_wconf 82' lang='lat' dir='ltr'>alienas,</span> <span class='ocrx_word' id='word_1_277' title='bbox 838 3771 1006 3856; x_wconf 84' lang='lat' dir='ltr'>editosque</span> <span class='ocrx_word' id='word_1_278' title='bbox 1027 3767 1091 3829; x_wconf 88' lang='lat' dir='ltr'>de-</span> 
     </span>
    </p>
   </div>
   <div class='ocr_carea' id='block_1_5' title="bbox 83 3855 1219 3941">
    <p class='ocr_par' dir='ltr' id='par_1_5' title="bbox 83 3855 1219 3941">
     <span class='ocr_line' id='line_1_41' title="bbox 83 3855 1219 3941; baseline -0.004 -23"><span class='ocrx_word' id='word_1_279' title='bbox 83 3859 177 3940; x_wconf 83' lang='lat' dir='ltr'>super</span> <span class='ocrx_word' id='word_1_280' title='bbox 199 3856 301 3920; x_wconf 88' lang='lat' dir='ltr'>libros</span> <span class='ocrx_word' id='word_1_281' title='bbox 318 3859 508 3941; x_wconf 81' lang='lat' dir='ltr'>praedictos,</span> <span class='ocrx_word' id='word_1_282' title='bbox 529 3861 562 3922; x_wconf 91' lang='lat' dir='ltr'>id</span> <span class='ocrx_word' id='word_1_283' title='bbox 584 3860 795 3932; x_wconf 84' lang='lat' dir='ltr'>continentes,</span> <span class='ocrx_word' id='word_1_284' title='bbox 814 3855 916 3941; x_wconf 90' lang='lat' dir='ltr'>quoad</span> <span class='ocrx_word' id='word_1_285' title='bbox 940 3857 1011 3922; x_wconf 86' lang='lat' dir='ltr'>hoc,</span> <span class='ocrx_word' id='word_1_286' title='bbox 1032 3872 1092 3914; x_wconf 87' lang='lat' dir='ltr'>au·</span> <span class='ocrx_word' id='word_1_287' title='bbox 1216 3936 1219 3941; x_wconf 17' lang='lat'>¹</span> 
     </span>
    </p>
   </div>
   <div class='ocr_carea' id='block_1_6' title="bbox 83 3940 1089 4031">
    <p class='ocr_par' dir='ltr' id='par_1_6' title="bbox 83 3940 1089 4031">
     <span class='ocr_line' id='line_1_42' title="bbox 83 3940 1089 4031; baseline -0.001 -29"><span class='ocrx_word' id='word_1_288' title='bbox 83 3940 230 4006; x_wconf 84' lang='lat' dir='ltr'>ctoritate</span> <span class='ocrx_word' id='word_1_289' title='bbox 262 3943 450 4029; x_wconf 80' lang='lat' dir='ltr'>apostolica,</span> <span class='ocrx_word' id='word_1_290' title='bbox 486 3957 598 4010; x_wconf 88' lang='lat' dir='ltr'>tenore</span> <span class='ocrx_word' id='word_1_291' title='bbox 634 3945 849 4031; x_wconf 78' lang='lat' dir='ltr'>praesentium</span> <span class='ocrx_word' id='word_1_292' title='bbox 883 3940 1089 4025; x_wconf 77' lang='lat' dir='ltr'>reprobamus</span> 
     </span>
    </p>
   </div>
   <div class='ocr_carea' id='block_1_7' title="bbox 0 0 1272 4522">
    <p class='ocr_par' dir='ltr' id='par_1_7' title="bbox 0 0 1272 4522">
     <span class='ocr_line' id='line_1_43' title="bbox 0 0 1272 4522; baseline 0 0"><span class='ocrx_word' id='word_1_293' title='bbox 0 0 1272 4522; x_wconf 95' lang='lat' dir='ltr'> </span> 
     </span>
    </p>
   </div>
  </div>
 </body>
</html>
