2528 4522
239 269 387 367 Proseis.
408 270 495 342 fidei
518 271 644 365 synod.
663 269 884 345 Lovitienfis.
925 316 929 323 ·
992 289 1069 361 323

63 431 215 520 offensam
234 457 434 539 susceptus„
446 471 519 516 oum
540 453 703 537 proposito
726 455 902 520 confitendi
922 470 960 523 et·
972 462 1070 527 satie-

62 540 221 617 saciendi3
254 562 322 604 non
352 544 473 615 autern,
505 548 540 600 ut
568 539 696 623 quidam
725 540 787 602 boo
807 544 931 606 saeculo
955 549 1069 631 perni-

60 627 143 690 ciose
163 627 299 701 docent,
328 634 431 687 terror
451 621 661 687 conscientiae
680 636 814 710 propter
834 631 1069 713 apprehensum

59 715 225 792 gehennae
254 710 446 795 supplicium
474 709 610 793 peccatis
637 710 798 786 debitum3
829 728 996 798 praeparat
1017 730 1069 782 ta-

58 819 134 861 men
155 809 259 860 terror
281 808 313 859 et
330 796 495 874 gehennae
514 805 618 870 metus
637 795 677 858 ad
699 817 807 858 veram
826 803 1069 871 contritionem.

127 881 176 947 X.
196 877 615 958 Confessurusdiligentiern
637 881 815 960 legitimam
836 883 987 950 adhibere
1009 890 1069 954 de·
1136 906 1139 915 “

58 970 130 1044 bet,
151 987 214 1052 quo
237 966 409 1037 sacerdoti,
437 965 535 1046 judici
555 965 631 1040 suo,
664 963 840 1031 manifestet
860 973 969 1035 omnia
991 996 1069 1060 pec·
1133 988 1136 992 '

58 1052 197 1115 eatasun
218 1052 366 1114 mortalia
374 1094 392 1123 ,.
410 1051 507 1113 etiam
530 1051 649 1112 occulte
666 1052 791 1126 cordia,
824 1063 859 1114 ut
878 1057 916 1117 ab
938 1058 987 1122 eie
1009 1082 1069 1146 per

57 1139 153 1199 illum
171 1138 369 1212 absolvatur,
398 1137 484 1216 cujus
509 1135 718 1198 absolutionis
745 1137 887 1200 minister
909 1143 951 1205 ott
978 1148 1067 1214 solue

58 1220 202 1287 sacerdos
224 1221 393 1285 secundum
414 1223 513 1284 ritum
534 1218 689 1283 Ecclesiae
709 1223 930 1288 consecratum·

125 1305 190 1369 XI.
222 1302 412 1368 satisfactio·
437 1306 478 1366 est
513 1305 687 1389 persolutio
719 1327 842 1392 poenae
879 1311 1066 1400 plerumque

60 1391 162 1455 atlhuc
193 1390 338 1469 debitae,
362 1388 499 1452 remilla
527 1383 594 1484 jam
621 1391 725 1476 culpe.
772 1390 951 1461 Erroneum
971 1399 1012 1461 est
1033 1413 1067 1464 et

60 1474 235 1560 Scripturis
258 1478 353 1539 sacris
372 1474 568 1538 adversatur.
588 1517 598 1536 .
618 1516 627 1537 .
653 1521 663 1542 .

121 1559 203 1626 XII.
224 1559 316 1624 Certa
336 1559 401 1624 fide
421 1560 593 1623 tenendum
613 1559 668 1638 est,
697 1559 864 1625 hominem
887 1562 1001 1630 habere
1021 1565 1068 1629 ti-

56 1651 168 1711 berum
191 1647 375 1725 arbitrium,
407 1667 542 1731 quocum
570 1640 670 1731 potest
698 1650 782 1711 male
810 1660 843 1710 et
871 1652 1068 1732 cumgratia

56 1737 138 1796 bene
159 1754 268 1813 agere,
301 1731 420 1831 etpost
440 1741 599 1815 peccatum
621 1734 757 1794 mortale
779 1732 963 1812 admissum,
994 1736 1066 1802 Deo
1131 1784 1138 1791 ·

57 1819 237 1903 adjuvante,
261 1827 467 1902 poenrtereet
477 1831 673 1900 peccatorum
682 1818 895 1882 remisfionem
905 1824 1067 1909 consequi.

123 1901 221 1965 XIII.
243 1901 296 1965 Ad
317 1902 575 1984 'justificationem
597 1913 672 1964 ante
699 1903 807 1964 omnia
827 1905 997 1969 necessaria
1025 1907 1067 1970 est

57 1989 232 2052 inadustis
255 1987 351 2062 fides,
376 1995 436 2073 qua
457 1997 543 2050 certo
564 1987 751 2067 eredimus.
772 1985 927 2052 Christum
950 1990 1067 2070 Iesum,

57 2074 121 2137 Dei
142 2074 265 2149 filium,
286 2073 379 2135 nobis
403 2072 669 2156 propitiationem
690 2071 753 2136 else
767 2093 827 2156 pro
846 2076 983 2158 peccatis
1002 2098 1067 2138 no-

59 2162 128 2221 liris
147 2159 354 2236 insanguine
375 2158 489 2240 ipsius,
522 2157 586 2217 sine
608 2178 669 2241 qua
698 2158 799 2218 nullia
820 2159 931 2221 nostris
955 2161 1067 2244 operi·
1151 2188 1153 2192 ⁴

58 2247 137 2319 bus,
158 2244 313 2326 nulloque
327 2239 553 2323 poenitentiae
575 2250 607 2301 et
630 2238 833 2323 propofito*)
856 2243 993 2306 vivendi
1015 2245 1068 2307 se-

58 2327 195 2393 eundum
217 2323 363 2388 mandate
383 2322 448 2386 Dei
470 2323 677 2406 justificamur.
766 2397 770 2400 ῃ
1029 2332 1034 2343 ·

75 2461 77 2465 .
121 2409 223 2472 XIV.
243 2407 359 2486 Fides,
388 2428 448 2494 qua
476 2409 547 2494 quis
567 2408 705 2470 firmiter
725 2405 826 2495 eredit
846 2419 880 2472 et
899 2418 985 2472 certo
1007 2408 1068 2474 tta-

57 2497 121 2560 tuit
133 2502 151 2571 ,“
163 2506 295 2580 propter
318 2492 472 2557 Christum
492 2493 550 2555 fibi
569 2493 696 2556 remissa
717 2492 781 2556 esse
801 2506 941 2579 peccate,
972 2498 1068 2582 seque

56 2580 267 2668 possessurum
285 2577 391 2643 'vitem
412 2590 587 2651 aeternam,
608 2580 733 2641 nullutn
756 2579 853 2642 habet
874 2580 910 2642 in
929 2581 1069 2665 scriptu·
1164 2633 1166 2637 ,

55 2671 102 2730 ris
123 2665 347 2740 testimonium,
368 2665 469 2726 immo
483 2664 605 2727 eisdem
618 2663 811 2740 adversatur,
833 2665 958 2728 etiamsi
975 2667 1069 2728 firme

58 2765 90 2817 et
112 2765 197 2815 certa
218 2756 274 2836 spe
295 2749 477 2835 exspectare
498 2748 670 2826 debemus,
698 2749 734 2810 in
766 2750 826 2811 hae
847 2750 976 2835 quidem
998 2753 1067 2814 rita

57 2859 116 2923 per
136 2843 363 2901 sacromentum
385 2834 543 2920 Baptismi
559 2846 591 2899 et
610 2833 833 2897 Poenitentiae
853 2834 1069 2898 remissionem

57 2935 275 3008 peccatorum,
308 2922 345 2984 in
373 2920 496 2983 saeculo
520 2931 626 2983 autem
642 2916 750 2983 futuro
773 2919 874 2982 vitam
895 2931 1068 2982 aeternam.

127 3006 212 3068 XV.
233 3004 344 3090 Itaque
367 3005 516 3092 quamdiu
544 3007 630 3067 inter
661 3003 762 3068 hostes
789 3004 910 3066 nostros
943 3013 976 3067 et
1009 3003 1068 3066 ed-

58 3092 210 3155 versariae
232 3091 397 3175 potestates
420 3091 475 3152 hir
495 3089 657 3166 vivimus,
690 3090 780 3151 nulla
801 3089 842 3150 esi
861 3088 956 3150 nobis
978 3090 1069 3152 secu·

58 3179 155 3253 ritas,
175 3175 229 3240 sed
242 3191 321 3238 ¹cum
339 3177 457 3238 timore
470 3185 503 3239 et
517 3188 654 3239 tremore
669 3174 758 3256 juxta
773 3172 961 3236 senteutiam
972 3171 1069 3258 Apo-

57 3263 129 3324 stoli
159 3260 293 3324 nostram
323 3260 454 3325 salutem
479 3256 612 3344 operari
636 3260 806 3334 debemus,
835 3267 868 3322 et
898 3257 1069 3322 secundum

58 3348 163 3410 varias
197 3347 377 3409 animorum
416 3344 593 3408 nostrorum
632 3345 817 3406 affectiones
847 3364 931 3406 nune
966 3342 1069 3425 magio

59 3435 205 3516 sperare,
235 3453 318 3493 nune
339 3434 441 3510 magis
465 3431 601 3493 timere:
629 3429 816 3514 simpliciter
835 3438 943 3492 temen
964 3430 1071 3510 magio

59 3530 92 3580 et
113 3513 310 3600 frequentius
343 3514 382 3577 de
401 3515 621 3594 ¹misericordia
643 3512 779 3577 Domini
808 3513 997 3598 sperandum
1017 3513 1068 3590 eti,

60 3624 154 3690 quam
172 3598 409 3663 formidandum
430 3599 468 3663 de
483 3601 665 3664 severitate.

122 3685 223 3751 XVI.
247 3683 352 3771 Opera
382 3688 464 3748 bone
501 3688 648 3750 omnibus
676 3680 794 3746 adultis
822 3680 953 3744 suntad
981 3681 1069 3744 salu-

58 3784 123 3836 tem
146 3770 387 3849 necessariori,
420 3790 491 3834 cnm
511 3793 554 3836 ex
583 3771 648 3835 sido
669 3767 810 3832 caritatis
828 3767 944 3854 spiritu
966 3765 1069 3851 perri·
1167 3768 1170 3774 '

93 3957 117 4024 *)
135 3962 212 4030 Hoec
230 3957 311 4012 verta
328 3956 526 4028 transponendo
539 3952 590 4021 effe
607 3949 748 4025 videntur:
765 3944 905 4016 preposito
924 3959 1008 4012 poen.
1026 3951 1061 3996 et.

776 4033 842 4096 X.
