2528 4522
160 251 307 333 Deorct'.
332 263 378 333 de
403 261 513 332 modo
535 259 603 333 viv.
627 269 664 326 et
685 258 731 330 el.
757 260 794 328 in
818 283 917 331 conc.
940 259 1029 335 serv.
1082 277 1128 346 15

110 464 159 504 nes
178 446 278 511 Maria,
304 443 439 514 episcopua
455 440 649 506 Praenestinus,
666 441 699 493 de
718 440 818 497 Monte.
836 444 972 512 Aretinus3
992 447 1028 500 R.
1045 454 1072 502 et
1089 450 1129 504 lll.

111 522 145 572 D.
172 518 333 581 Marcellus,
357 515 426 568 tituli
446 515 474 566 S.
494 513 589 565 Crucis·
609 513 635 564 in
654 511 795 565 Jerusalem
819 516 968 582 presbyter,
995 520 1128 576 Cervinus.

110 590 274 655 Politianua;
293 588 327 640 lt.
347 595 374 639 et
394 587 435 639 lit.
453 586 486 639 D.
506 584 682 650 Reginaldua,
707 584 807 637 sanctae
826 586 924 642 Mariae
949 590 974 641 in
994 592 1129 646 Cosmedin

112 663 253 725 diaconus,
271 661 360 713 Polus.
379 658 486 723 Anglus.
505 654 798 724 Arcltiepiscopi,¹
814 657 1022 713 Reverendislirni
1042 672 1131 731 patrea

109 735 225 787 dominis
244 731 374 798 Aquensis.
385 728 590 781 Panormitanus.
605 727 756 795 Upsalenfia.
768 732 933 786 Armacanna.
946 732 967 783 Ε
978 735 1030 801 pis
1034 752 1071 788 co
1079 754 1095 803 p
1103 737 1129 787 ir

111 799 625 873 Hipporegiensis.Feltrenfis.Cavensis.
645 799 794 850 Fesulonus.
814 801 1020 870 Caputaquensis.
1039 805 1130 860 Sancti

112 877 207 930 Marci.
234 872 397 935 Giannenfis,
431 871 504 939 Hisp.
529 869 676 924 Stabiensis.
700 870 826 923 Pacensis
852 874 1022 939 bstoricensa.
1048 878 1128 930 Sido-

109 947 211 1000 niensis.
229 944 433 997 Tbermnlarurn.
453 940 638 994 Lancianenfls.
660 942 842 1006 Syracusanus.
864 945 1020 1011 agathaeus.
1046 951 1130 1015 Aqui-

109 1018 229 1071 natenfis.
248 1016 404 1068 Bitontinua.
422 1013 603 1079 vigorniensis.
621 1012 823 1067 Bellicastrenfls.
843 1014 1046 1074 Drilonorienfis.
1064 1021 1128 1073 (ilo-

109 1090 211 1142 diensia.
229 1089 343 1139 loannes
366 1085 495 1149 senices,
514 1084 648 1151 episcopua
667 1085 853 1138 Castellimaris.
871 1087 976 1156 Hispan.
1002 1090 1129 1144 Orato-

109 1177 165 1215 res
185 1159 397 1212 serenissimi
416 1157 647 1209 Romanorum
666 1155 775 1221 regias
805 1155 917 1211 illustres
934 1159 1048 1226 domini,
1074 1164 1128 1215 cn-

109 1234 154 1285 siel
174 1232 251 1294 Alto,
277 1231 427 1298 capitaneus
449 1227 561 1280 civitatis
579 1226 698 1279 Trideut.
718 1227 844 1279 Antonius
870 1231 964 1285 onata.
1020 1234 1129 1287 Gene-

109 1306 206 1356 rales
224 1301 400 1354 ordinum:
427 1299 567 1351 Minorunr.
586 1296 807 1351 conventualium.
834 1297 1005 1356 Eremitarunr
1023 1305 1052 1356 S.
1072 1309 1127 1358 llu-

110 1375 211 1441 gusiini.
235 1374 332 1424 Beatae
351 1371 451 1423 Mariae
479 1368 514 1420 de
535 1374 623 1420 monte
636 1367 766 1422 carmelo.
784 1369 882 1425 Baetae
907 1373 1004 1428 Mariae
1029 1377 1126 1428 Servo-

108 1462 176 1502 rum.
214 1444 292 1498 Multi
310 1451 365 1496 tum
383 1441 541 1507 saeculares,
560 1445 614 1492 tam
630 1440 763 1506 regulares
779 1440 907 1498 doctores.

431 1608 576 1681 susslo
599 1609 816 1692 SECUNDA,

268 1738 403 1794 celebrata
421 1739 467 1796 die
485 1740 549 1794 vn.
568 1739 666 1795 mensas
684 1741 747 1795 Jan.
765 1739 804 1794 M.
824 1735 859 1795 D.
876 1735 976 1835 md·

164 1880 196 1949 q)
215 1883 289 1935 Anno
307 1900 323 1934 a
340 1883 474 1935 nativitate
491 1880 593 1934 Domini
611 1882 742 1934 millesimo
761 1882 960 1949 quingentesimo
978 1883 1125 1950 quadrage·

111 1953 170 2004 ilino
187 1961 278 2017 sexto,
296 1955 440 2007 indictione
451 1955 497 2006 lv,
516 1953 559 2005 dia
576 1955 663 2020 Jovis,
683 1954 788 2020 septima
806 1955 895 2006 meniis
912 1956 1036 2019 ianuarii,
1058 1973 1125 2022 pon·

111 2027 222 2076 tisicatua
243 2026 383 2078 sanctissimi
400 2027 426 2078 in
445 2025 543 2077 Christo
562 2027 643 2093 patris
658 2033 685 2077 et
709 2025 804 2076 domini
824 2026 920 2078 domini
947 2028 1024 2079 nostri
1041 2029 1128 2092 Pausi,

111 2095 196 2147 divina
215 2098 376 2164 providentia
394 2113 476 2164 papae
493 2097 577 2161 tertii,
596 2113 663 2148 anno
681 2090 851 2160 duodecimo,
879 2099 1034 2149 reverendus
1052 2105 1127 2166 pater

112 2167 231 2219 dominus
249 2169 383 2237 episcopus
402 2168 581 2220 Castellimaris
599 2168 740 2219 celebravit
757 2167 853 2219 missam
872 2168 905 2220 de
923 2170 1021 2236 Spiritu
1039 2171 1128 2221 sancto

110 2239 136 2290 in
155 2239 262 2290 ecclefis
279 2239 420 2291 cathedrali
438 2245 465 2290 et
482 2239 508 2289 in
534 2239 593 2288 loco
612 2238 730 2289 fessonis.
782 2239 840 2290 Qua
858 2239 946 2301 linita,
972 2241 1128 2292 reverendus

111 2316 187 2378 pater
206 2309 322 2360 dominus
338 2303 471 2376 episcopus
497 2306 575 2358 sancti
591 2306 675 2357 Marci
689 2310 717 2370 a)
736 2305 825 2357 babuit
843 2310 992 2360 orationem.
1028 2310 1129 2362 Deinde

110 2379 311 2431 reverendislimi
330 2379 474 2431 cardinales
490 2383 517 2429 et
534 2377 578 2427 alii
595 2377 703 2444 praelati
721 2385 877 2442 acceperant
896 2380 1016 2444 pluvialia
1034 2386 1061 2432 et
1079 2382 1128 2433 mi·

111 2459 179 2514 tras,
200 2449 353 2517 fueruntque
371 2455 487 2502 cantatae
506 2448 618 2501 litaniae.
665 2448 756 2499 Postea
776 2449 991 2502 reverendissimus
1009 2452 1128 2504 cardina-

111 2523 194 2574 liade
213 2522 304 2575 Monte
323 2521 454 2573 benedixit
471 2518 610 2584 synodum,
636 2524 662 2570 et
686 2517 790 2570 suerunt
813 2519 897 2572 sacae
922 2525 1082 2576 ceremoniae
1099 2526 1126 2577 in

111 2594 255 2646 sessionibus
267 2593 383 2661 publicis
400 2591 456 2644 fieri
474 2592 572 2645 solitae.
619 2588 718 2642 Deinde
743 2592 898 2644 reverendus
915 2601 989 2659 pater
1007 2594 1126 2648 dominus

111 2667 246 2733 episcopus
266 2664 450 2717 Castellimnria
467 2662 533 2728 legit
551 2660 692 2717 decretum.
710 2662 771 2716 Quo
789 2663 875 2726 lecto,
892 2665 1059 2732 interrogavit
1078 2684 1125 2735 pa-

105 2743 178 2799 dres,
198 2743 282 2788 utrum
301 2737 365 2788 haec
383 2735 531 2803 placerent:
557 2732 601 2799 qul
618 2731 816 2801 responderunt:
850 2735 973 2799 Placent,
1000 2754 1057 2790 cunr
1075 2739 1125 2789 ali-

111 2809 205 2875 quibus
220 2807 403 2870 additionibus,
422 2821 469 2873 per
485 2805 586 2870 aliquos
604 2819 638 2855 ex
655 2804 771 2869 patribus
787 2805 889 2860 additis.
907 2807 1025 2860 ruainda
1043 2809 1124 2861 inter·

110 2881 212 2945 rogavit
230 2895 290 2932 eos:
319 2881 410 2932 Placet
428 2876 497 2942 quod
515 2876 632 2942 proxima
648 2875 720 2926 sellio
742 2877 787 2928 siat
803 2884 893 2945 quarta
909 2876 1044 2933 Februarii
1062 2896 1125 2950 pro-

110 2953 181 3005 xime
200 2951 306 3004 suturas
325 2951 377 3006 Qui
396 2947 598 3017 responderunt:
613 2946 714 3000 Placet.

107 3117 301 3187 Decretum
320 3117 363 3185 de
379 3116 477 3184 modo
495 3112 700 3266 vivendssei
721 3115 805 3183 aliie
824 3117 863 3184 in
884 3118 1029 3185 concilio
1044 3120 1124 3211 ser-

545 3223 614 3267 van
641 3225 682 3268 aa.

199 3323 401 3387 Sacrosoncle
423 3320 616 3386 Tridentino
638 3323 789 3406 synodus,
809 3321 846 3385 in
868 3322 992 3409 Spirilu
1016 3324 1122 3389 sancio

103 3407 260 3490 legitime
283 3421 486 3488 congregata,
517 3411 554 3471 in
583 3431 620 3472 ea
640 3408 889 3495 praesidentibus
906 3407 934 3490 ¹)
953 3411 1074 3475 eisdem
1093 3411 1123 3498 2)

103 3498 215 3561 tribus
236 3495 424 3582 apostolicae
457 3494 541 3557 sedis
569 3496 706 3577 legatis,
736 3499 911 3578 agnoscens
940 3519 1010 3561 curn
1029 3501 1121 3563 beato
1155 3533 1157 3537 ·

146 3722 181 3846 ἱ)
200 3720 304 3776 eisdem
321 3739 370 3775 om.
392 3723 465 3779 Van..
484 3719 543 3773 Dis.
561 3746 594 3764 -
629 3720 661 3788 2)
677 3716 764 3771 Hord.
779 3726 889 3788 praeter
905 3718 1009 3772 eisdem
1023 3726 1052 3770 et
1072 3720 1124 3770 trt-

169 3810 202 3845 118
220 3811 269 3846 Om-

140 3899 172 3968 q)
192 3899 235 3951 Ex
261 3897 321 3952 ead.
347 3914 375 3966 p.
392 3898 448 3959 740
470 3894 509 3966 sq.
533 3924 569 3938 -·
604 3856 630 3964 r)
649 3860 788 3951 (soricina.
811 3852 1007 3963 Martyranua,
1035 3896 1114 3962 cujus

142 3974 299 4026 orationem
317 3971 372 4025 vicl.
390 3973 421 4024 in
439 3969 612 4026 Monument.
630 3968 664 4022 ad
681 3965 776 4022 histor.
794 3971 893 4023 eeneii.
913 3965 1038 4055 Trident.
1055 3968 1089 4022 T.
1104 3970 1123 4018 l·
