2528 4522
471 278 579 353 Bulla
599 262 822 353 *indictione
849 314 864 327 -’
947 298 950 305 “
982 297 986 305 ’
1094 282 1141 360 11

125 475 191 531 tur.
241 459 342 547 Quod
362 465 507 531 maxime
527 447 656 555 quidem
676 486 695 528 a
717 458 889 552 praelatio,
921 459 1142 550 principibus·

126 571 189 636 que
220 545 413 614 Germaniae
444 552 550 616 Deum
576 553 701 638 iplom,
742 562 838 639 atque
872 568 935 612 noe
968 551 1142 635 impetrare

124 657 262 721 aequum
284 635 345 717 ell3
382 649 417 700 ut
446 660 517 703 cum
538 658 649 702 corum
668 636 840 723 praecipue
860 633 967 711 caula,
1001 634 1142 721 ipfiaqua

117 722 327 804 ‘cupientibus
360 723 533 787 concilium
563 722 720 785 indictum
745 723 801 795 fit,
833 732 866 783 et
888 720 930 784 iu
951 740 988 783 aa
1008 720 1141 783 civitate

123 807 299 884 indictum,
331 829 411 896 quae
437 813 478 882 ab,
505 807 625 889 eieest
653 807 844 882 defflorata,
875 802 947 868 non
967 817 1142 885 graventur
1217 824 1220 829 ·

121 893 185 977 ipfi
205 895 259 956 lua
287 908 470 961 cunctorum
492 894 670 982 praesentia
689 893 723 956 id
748 890 939 975 celebrares
954 902 987 954 et
1008 908 1142 977 ornare3

123 999 188 1064 quo
211 978 338 1054 melios,
358 991 451 1066 atque
470 979 670 1063 commodius
692 984 771 1067 quaa
792 977 831 1042 ad
851 977 1080 1058 integritatem,
1102 986 1135 1041 et

122 1066 296 1126 veritatem
309 1062 503 1129 Christianae
520 1066 711 1146 religionis,
742 1079 822 1154 quae
836 1063 875 1126 ad
892 1066 1049 1140 bonorum
1065 1084 1141 1126 mo·

121 1169 196 1211 rum
217 1148 436 1216 reductionem
457 1152 779 1237 emendationemque
800 1152 976 1226 malorum,
999 1165 1078 1235 quae
1098 1147 1140 1212 'ad

122 1231 373 1300 Christianorum
394 1239 480 1300 inter
501 1241 534 1300 le
554 1244 621 1300 ta'm
644 1234 1140 1322 principumgquampupillo·

121 1340 196 1380 rum
217 1342 346 1404 pacem,
376 1325 550 1398 unitatem,
582 1320 848 1409 concordiamque
867 1320 1141 1408 pertineant,'·et

121 1426 204 1489 quaa
226 1406 491 1492 ad'repell'endoa
512 1408 557 1470 im
584 1419 653 1471 etue
666 1409 925 1470 harbarorum³at
946 1405 1141 1485 infidelium,

121 1492 238 1575 quibus
260 1491 315 1554 illi
344 1493 545 1557 universam·
575 1493 817 1557 hristianitatem
840 1491 1140 1569 obruere'moliun·

120 1586 192 1652 tur,
213 1576 275 1638 fint
295 1577 489 1657 nocellaria,
510 1578 579 1641 Deo
600 1579 714 1642 nolitis
735 1577 1023 1660 consultationibus
1045 1598 1142 1663 praa-

121 1673 239 1733 eunte,
271 1665 432 1727 etlumen
454 1665 627 1750 sapientiae
651 1664 740 1743 luae,
774 1686 810 1728 ac
837 1664 985 1726 veritatis
1018 1664 1141 1725 manti-

121 1748 180 1808 bus
204 1746 317 1810 nostris
336 1748 553 1834 praeferente,
585 1750 639 1830 agi
659 1753 695 1813 in
718 1751 803 1812 dicto
826 1753 912 1812 lacco
935 1748 1140 1812 oecumenico

122 1833 280 1909 concilio,
312 1845 345 1895 et
364 1839 569 1920 conspirante
591 1837 737 1899 omnium
759 1835 888 1898 caritate
911 1833 1054 1912 consuli,
1074 1848 1143 1895 tra-

121 1918 221 1995 ctarit
249 1919 386 1997 confici,
421 1920 461 1983 ad
489 1932 680 2008 optatosque
703 1922 810 1985 exitus
838 1917 950 1982 deduci
973 1920 1143 2005 quampri-

122 2024 230 2078 mum,
252 2016 287 2066 et.
306 2026 399 2091 quam
421 2009 544 2092 optime
566 2011 697 2092 pollint.
751 2003 859 2093 Atque
881 2016 917 2066 ut
937 2005 1058 2068 nollrae
1079 2006 1142 2066 hae

122 2089 265 2166 litterae,
285 2102 316 2151 et
338 2094 474 2177 quaein
499 2094 547 2155 eia
570 2093 795 2162 continentur,
825 2091 862 2153 ad
886 2091 1038 2153 notitiem
1061 2113 1143 2153 cun-

121 2184 266 2251 ctorum,
287 2196 424 2259 quorum
447 2187 587 2260 oportet,
607 2178 816 2262 pervenient,
837 2198 878 2238 ne
903 2174 947 2254 15)
964 2176 1038 2262 quia
1060 2175 1143 2237 illo-

121 2280 195 2319 rum
216 2261 420 2339 ignorantiae
448 2263 687 2323 excolationem
710 2259 914 2345 praetendat,
952 2281 1025 2321 cum
1046 2280 1143 2344 prae·

120 2344 237 2406 sertim
268 2345 364 2406 etiam
386 2365 454 2406 non
486 2343 526 2404 ad
560 2364 674 2420 omues
705 2365 778 2418 eoa,
812 2344 925 2428 quibus
948 2344 1142 2412 nominatim

120 2430 201 2490 illae
225 2426 326 2490 allent
348 2427 565 2505 intimandae,
599 2439 688 2491 tutuo
716 2423 847 2492 sorfitan
868 2439 976 2576 pptaat
995 2429 1143 2510 accellua,

120 2514 295 2591 volumus,
316 2527 347 2576 et
368 2513 570 2590 mandamus,
605 2523 639 2575 ut
664 2515 700 2575 in
721 2513 845 2575 basilica
903 2515 1025 2580 aticaua
1046 2517 1143 2601 prin·
1197 2550 1203 2555 ·

120 2600 206 2685 cipis
227 2596 476 2683 Apostolorum,
501 2600 590 2661 etin
612 2599 737 2662 ecclelia
761 2591 1073 2677 Lateranenfi‚‘cum
1096 2601 1142 2664 ibi

120 2685 297 2748 auraltitudo
326 2706 369 2770 po
396 2686 442 2746 uli
467 2682 505 2745 ad
528 2683 716 2747 audiendam
745 2706 814 2747 rem
835 2684 982 2750 divinam
1003 2706 1141 2765 congre-

121 2771 192 2851 gari
222 2771 317 2834 solita
344 2707 400 2847 od,
433 2771 540 2856 palam
569 2770 653 2831 clara
683 2791 762 2832 voce
793 2790 851 2854 per
880 2772 986 2833 curiae
1016 2772 1140 2838 nollraa

122 2860 285 2935 cursores,
321 2866 374 2918 aut
406 2855 553 2917 notarios
576 2855 702 2941 aliquos
721 2856 1053 2941 publicoalegantur,
1086 2857 1140 2920 la-

122 2952 254 3026 etaeque
282 2942 318 3003 in
346 2941 452 3003 valvis
473 2941 629 3004 dictarum
652 2941 869 3016 ardalionum,
898 2943 1041 3027 itemque
1061 2962 1140 3006 cen-

123 3027 274 3090 oellariae
289 3026 477 3111 apostolicae
493 3026 613 3111 portis,
636 3037 669 3088 et
684 3027 788 3111 campi
802 3025 919 3089 Florae
942 3028 1041 3090 solito
1065 3029 1138 3091 loco

122 3111 312 3191 affigantur,
345 3112 400 3174 ubi
426 3113 464 3174 ad
494 3112 686 3187 lectionem,
719 3124 752 3175 et
780 3112 932 3174 notitiam
952 3117 1140 3178 cunctorum
1225 3130 1231 3149 ’

124 3195 324 3285 aliquamdiu
347 3194 509 3282 expolitae
531 3197 711 3284 pendeant:
748 3217 882 3283 cumque
903 3196 980 3260 inde
1009 3219 1141 3263 amove·

122 3285 266 3360 buntur,
299 3304 409 3345 aarum
436 3283 654 3346 nihilominus
680 3284 829 3367 exempla
857 3282 1035 3366 inlaiadem
1056 3286 1139 3349 locis
1224 3316 1234 3330 ·

123 3379 310 3432 remaneant
333 3368 440 3430 affixa.
494 3367 561 3432 Nos
583 3369 671 3431 enim
694 3369 966 3453 perlectionem,
995 3371 1141 3455 publica-

124 3457 268 3532 tionem,
289 3453 538 3540 affixionemque
560 3454 754 3536 hujusmodi,
777 3475 898 3530 omnes,
919 3469 952 3516 et
971 3476 1142 3540 quoscum-

127 3562 209 3629 que,
239 3562 318 3626 quos
353 3540 529 3603 antedictae
559 3539 680 3602 nostrae
707 3540 834 3602 litterae
854 3542 1141 3625 comprehendunt,

126 3627 194 3715 poll
217 3625 354 3710 lpatium
376 3625 513 3688 duorum
534 3626 692 3689 mensium
714 3646 730 3685 a
753 3625 805 3687 dia
827 3626 1006 3688 litterarum
1056 3626 1141 3695 abli-

127 3714 291 3789 cationie,
314 3723 346 3774 et
366 3710 550 3790 affixionia,
578 3713 625 3775 ita
647 3711 797 3774 volumua
817 3713 977 3792 obligatos
998 3649 1052 3776 unp
1063 3757 1071 3789 ,
1091 3723 1143 3777 at*

167 3984 215 4046 13)
237 3981 338 4040 Hora,
355 3979 428 4056 ctis.
445 3992 473 4034 et
492 3984 573 4040 eom,
585 3983 627 4040 M,
646 3998 716 4036 uere
730 4000 781 4054 pro
798 4001 843 4041 ua.
861 4037 862 4040 ,
