2528 4522
30 266 33 273 ¹
109 226 229 319 :17:2⁴³
295 250 938 342 >Decretum'defresormatioirerti
1016 264 1094 353 167

82 439 261 506 oohialibos
274 441 387 505 -etiarn
415 440 590 521 eccletiie,··
606 462 739 531 quarum
754 438 995 533 fructumque
1010 448 1091 515 adeo

81 528 192 608 exigui
212 532 305 602 sont,
338 539 374 590 ut
395 526 514 590 debitis
534 541 694 615 nequeant
714 530 867 594 oneribus
887 528 1090 615 tabescasm
1176 534 1178 545 '

80 612 201 675 curabit
228 613 415 699 episcopos,
450 613 475 675 li
497 635 554 698 per
576 615 805 679 beneficiorum
826 616 1000 696 unionem,
1022 633 1095 686 troo

79 698 198 761 tarrren'
211 698 416 776 regularium,
438 698 472 760 id
492 698 565 761 fieri
587 722 653 765 non
673 701 768 786 possit
775 747 785 779 ,
805 712 841 762 ut
865 705 1090 787 primitiarum,

78 785 134 847 vel
162 783 364 859 decimarum.
388 783 616 864 Δεΐέςιωῑίοιιο,
647 797 702 850 aut
733 806 793 871 per
821 789 1091 870 parochianorum

77 867 237 951 symbola,
266 890 301 930 ac
319 868 489 946 collectas,
518 880 573 935 aut
593 893 653 958 qua
673 858 890 937 commodiori
910 876 942 937 ei
964 874 1093 939 videbi·
1157 950 1160 963 ‚

77 964 130 1017 tor
151 953 293 1029 ratione,
323 964 448 1019 tantum
468 956 650 1037 redigatur,
680 957 767 1044 quod
791 979 852 1042 pro
872 961 1026 1036 rectoris,
1055 982 1113 1026 ac·

77 1037 307 1125 ²⁷.)parochias
328 1040 508 1103 necessitate
529 1041 677 1106 decenter
698 1041 843 1106 sufficiat.
896 1042 936 1107 ln
961 1045 1091 1110 unioni-

76 1122 135 1188 bds
155 1145 236 1187 vero
257 1124 453 1224 quibuslibet
473 1124 524 1189 seu
545 1148 588 1191 ex
609 1127 817 1213 supradictis,
845 1130 898 1190 seu
923 1129 996 1194 aliis
1017 1152 1092 1196 cau-

75 1210 115 1273 lis
136 1204 329 1299 iaciendas,
343 1206 488 1275 ecclesiae
515 1213 718 1299 parochiales
740 1208 935 1278 monasteriis
957 1214 1092 1301 quibus-

76 1316 241 1383 cumque,
256 1303 310 1358 aut
331 1297 483 1373 abbatiis,
513 1302 566 1360 ssu
592 1297 821 1379 dignitatibus,
848 1298 913 1360 five
935 1302 1091 1385 praeben·

74 1379 127 1445 dis
150 1380 295 1444 ecclesiae
313 1381 528 1459 'cathedralis,
550 1384 603 1445 vel
625 1384 829 1463 collegiatae,
849 1380 1011 1459 live¹aliis
1032 1386 1092 1449 be·

75 1466 201 1530 ueficiis
233 1466 450 1553 simplicibus,
480 1470 534 1529 dut
564 1468 796 1555 hospitalibus,
829 1468 1002 1534 militiisve
1022 1488 1091 1551 tion

76 1551 245 1616 unientur:
267 1562 301 1616 et
323 1566 403 1638 quae
425 1552 531 1631 unitae
550 1557 643 1634 sunt,
667 1553 877 1618 revideantur
897 1553 1091 1619 eburdina-
1122 1576 1124 1587 ³

74 1636 150 1717 riis,
173 1636 263 1718 juxta
284 1637 364 1700 alias
385 1636 591 1717 &decretum
612 1641 648 1703 in
670 1639 780 1703 eadem
800 1638 1010 1720 synodo,'lub
1027 1636 1091 1705 'sel-

74 1743 138 1785 rec.
158 1714 261 1785 Paulo
281 1719 343 1786 ΠΙ.
373 1722 458 1810 quod
491 1724 590 1787 etiam
610 1725 647 1788 in
670 1725 771 1788 unitis
803 1725 841 1786 ab
874 1732 913 1787 eo
944 1728 1091 1873 tempore

75 1807 152 1871 citra
172 1828 273 1895 aeque
293 1809 499 1870 observetur:
517 1830 585 1872 non
607 1810 796 1874 obstantibus
817 1808 852 1872 iti
876 1810 933 1888 iis,
955 1812 1010 1897 qui
1034 1831 1091 1874 us·

74 1914 208 1981 comque
240 1894 410 1956 verborum
444 1888 581 1971 formis,
613 1906 693 1982 quae
722 1892 778 1957 hic
807 1915 868 1980 pro
897 1893 1091 1981 sufficienter

74 1976 234 2065 expressis
250 1978 436 2053 habeantur.
477 1975 531 2041 Ad
554 1980 633 2043 haec
651 1982 686 2043 in
707 1980 873 2066 posterum,
894 1980 1012 2044 orrihes
1027 1981 1091 2045 hae

73 2064 273 2129 cathedrales
294 2064 457 2142 ecclesiae,
487 2085 619 2150 quarum
646 2065 787 2130 redditus
815 2066 970 2130 summam
990 2065 1090 2130 duca-

73 2162 182 2216 torum
201 2149 311 2227 mille,
331 2159 365 2211 et
386 2150 596 2235 parochiales,
618 2172 698 2237 quae
725 2155 879 2215 summam
901 2150 1089 2215 ducatorum

72 2235 400 2300 centum'secundum
427 2254 539 2296 verum
568 2257 708 2298 annuum
734 2236 880 2310 valorem
900 2256 969 2297 non
989 2236 1088 2298 e'xce-

72 2320 172 2398 dunt,
191 2310 293 2383 nullis
313 2319 537 2404 pensionibus,
561 2330 615 2382 aut
635 2315 1089 2405 reservationibue''srucluum

73 2414 258 2489 graventur.
298 2401 363 2487 ¹In
396 2405 449 2464 his
476 2401 664 2490 ²⁸)quoq'ue
681 2400 893 2481 civitatibus,
928 2416 971 2466 ac'
994 2405 1088 2483 locis,
1135 2474 1139 2483 ¹

55 2491 129 2557 ¹uhi
150 2488 350 2576 parochiales
372 2488 520 2552 ecclesias
540 2501 645 2553 certos
665 2510 732 2553 non
753 2490 872 2552 habent
894 2489 994 2566 fines,
1027 2508 1089 2557 neu

74 2599 184 2646 earum
206 2568 345 2638 rectores
369 2575 536 2659 proprium
556 2575 729 2660 populum,
749 2595 845 2660 quem
864 2580 997 2661 regant,
1030 2570 1088 2638 sed

41 2678 45 2687 ·
72 2663 254 2750 promiscue
273 2661 458 2747 petentibus
481 2664 670 2723 sacramenta
690 2656 930 2735 administranti
947 2658 1087 2724 'tuandat

73 2753 180 2813 lancta
212 2745 353 2827 synodus
388 2745 548 2831 episcopis
605 2766 641 2807 ro
678 2744 789 2809 tutiori
821 2744 1001 2808 animarum
1036 2746 1085 2809 eis
1169 2802 1176 2811 ,

74 2830 309 2907 commissarum
342 2831 459 2906 salute,
500 2842 535 2893 ut
588 2830 710 2893 istiucto
735 2830 869 2917 „populo
902 2830 938 2892 itr
974 2839 1086 2907 certas,

97 2918 287 3005 ropriasque
324 2915 510 3003 parochias,
551 2916 722 3001 unicuique
759 2919 850 2978 suutn
884 2910 1085 3001 perpetuum,

74 2940 374 3090 hpecutiaremque
397 3000 573 3087 parochum
601 3001 773 3081 assignent,
806 2999 863 3083 qui
884 3018 938 3087 eas
959 3019 1085 3078 cogno·
1159 3016 1162 3020 ·

74 3094 162 3155 scere
181 3088 360 3167 saluata-et
382 3100 483 3172 aquo
501 3088 571 3152 solo
589 3085 678 3148 licite
691 3090 881 3149 sacramenta
892 3082 1085 3169 suscipiant3

75 3186 130 3239 aut
149 3171 366 3247 alioutiliori
393 3172 508 3250 modo,
538 3182 637 3259 prout
664 3171 729 3234 loci
759 3169 896 3255 qualitas
929 3168 1085 3250 exegerit,

74 3259 280 3347 provideant.
318 3255 469 3343 Idemque
490 3257 588 3322 iniis
610 3256 813 3331 civitatibus,
839 3274 874 3315 ac
894 3255 995 3332 locis,
1029 3254 1085 3318 ubi

75 3346 185 3411 nullae
214 3349 290 3431 sunt·
317 3343 541 3431 parochiales,
583 3343 818 3433 quamprimum
847 3337 921 3403 lieri
951 3350 1083 3405 curent:

73 3512 513 3535 ...ι-ι--υϋ-ι-ι--α-ι

111 3624 161 3686 M,
182 3583 256 3684 ison,
275 3619 373 3676 aare„
391 3619 473 3686 Ciris„
495 3619 540 3672 Ve.
559 3647 593 3658 -
636 3621 681 3683 27)
699 3629 748 3670 aut
760 3636 812 3688 pro
836 3636 869 3672 ac
888 3619 963 3684 Vsa,
983 3620 1029 3674 Vc.
1047 3647 1082 3660 -

110 3694 262 3836 ἓῗῖίιξιγῖἑ
283 3693 364 3748 Vna,
380 3695 455 3745 Bora.
474 3695 530 3777 M.³
550 3691 629 3787 ilem,
651 3687 740 3765 (Ἰνώ,
761 3689 968 3783 ΒΙισηιηβιἹῗζ
985 3688 1082 3755 Horti,

76 3872 83 3877 ’
127 3830 312 4001 ‘sagn'
339 3869 378 3959 tlex
399 3868 561 3925 reform-c.
578 3874 606 3929 6.
631 3898 662 3910 --
720 3868 751 3936 h)
777 3868 846 3928 sels.
869 3862 948 3925 XIV.
974 3866 1009 3919 ds
1036 3854 1087 3919 rs-'

124 3957 193 3996 orm.
212 3957 237 3994 o·
274 3981 280 3992 .
