2528 4522
133 276 181 350 18
238 256 331 355 App.
351 253 379 326 Ι.
406 255 454 326 ad
475 251 614 337 Concil.
630 221 796 322 Tridenc
847 251 930 324 Seli.
954 247 1020 324 111.

134 443 206 513 cilii
226 443 389 515 datutum,
411 435 448 503 iu
467 437 540 500 loco
562 431 798 499 benedictionis
821 433 1057 504 confidentibus
1078 438 1146 504 Do·

34 562 38 567 ·
134 533 218 598 mini
238 526 470 599 sacerdotibus,
500 521 607 584 nullus
632 521 743 585 debeat
763 532 816 584 aut
836 518 1033 588 immodestis
1058 530 1147 589 voci.

133 621 192 683 bus
213 616 416 704 perstrepere,
437 616 488 670 aut
503 607 692 670 tumultibus
707 607 910 692 perturbare-3
933 609 1035 673 nullis
1055 614 1146 675 etiam

134 700 221 767 fallis
252 699 408 772 lanista,
438 704 492 756 aut
520 693 678 755 obstinatis
708 693 993 778 disceptationibus
1016 712 1165 760 conten»

136 789 228 852 dere:
265 785 318 849 sed
355 775 509 869 quidquid
543 778 683 861 dicatur,
712 779 753 841 lic
782 779 945 843 mitissima
980 785 1146 846 verborum

136 870 320 961 prolatione
350 876 564 951 temperetur,
598 874 633 925 ut
664 883 722 926 nec
752 864 916 927 audientes
940 865 1146 945 offendantur,

136 980 195 1024 uec
216 957 295 1021 recti
314 954 427 1039 judicii
447 950 531 1012 acies
551 951 735 1035 perturbato
758 950 866 1011 aniruo
888 950 1083 1019 inflectatur.

219 1041 353 1126 Insuper
387 1038 568 1123 ipsasacra
604 1035 744 1116 synodus
777 1035 898 1112 statuit,
933 1057 969 1099 ac
999 1037 1146 1117 decrerit,

137 1127 242 1218 quod,
262 1128 286 1189 ti
309 1122 395 1187 forte
416 1120 588 1202 contigerit
609 1123 733 1207 aliquos
753 1118 861 1184 debito
884 1123 921 1184 in
942 1122 1017 1185 loco
1034 1127 1063 1206 ²)
1085 1146 1145 1188 nun

137 1215 266 1291 sedere,
288 1221 321 1274 et
341 1207 550 1281 sententiam,
572 1206 669 1268 etiam
690 1208 745 1269 sub
766 1209 885 1282 verbo,
915 1206 1041 1284 Placet,
1073 1229 1145 1294 pro-

136 1298 242 1375 ferre,
264 1293 566 1376 congregationibus
589 1290 750 1369 interesse,
775 1304 807 1354 ct
827 1292 911 1355 alios
935 1313 1144 1380 quoscumque

138 1397 225 1448 actus
246 1379 370 1459 facere,
402 1376 542 1443 concilio
565 1376 715 1454 durante,
746 1377 831 1441 nulli
862 1392 1037 1464 propterea
1057 1384 1170 1466 prae·'

137 1469 291 1556 judicium
310 1478 499 1551 generetur,
521 1463 668 1550 nullique
688 1484 813 1527 novum
832 1462 881 1548 jus
902 1465 1093 1552 acquiratur.

395 1646 551 1714 Indictio
563 1645 716 1735 suturae
728 1644 898 1737 scffionis.

170 1739 173 1748 .
202 1769 329 1836 Deinde
361 1767 482 1831 indicta
510 1764 573 1831 suit
607 1765 715 1831 sutura
745 1768 836 1834 sessio
867 1768 906 1834 ad
940 1741 1029 1835 diem
1050 1767 1142 1848 doris,

140 1869 283 1949 quartam
303 1854 417 1919 rnenfis
438 1853 606 1918 Februarii
625 1855 777 1941 proxime
799 1855 940 1920 venturi.
984 1851 987 1857 ’

139 2049 166 2115 f)
184 2048 341 2117 Sequuntur
357 2038 464 2092 nomina
478 2039 672 2110 praelatorum,
691 2039 739 2112 qui
754 2040 939 2114 interfuerunt
960 2040 1024 2096 duic
1031 2037 1143 2113 scsſsunt'.
1181 2032 1188 2089 'a

210 2146 478 2204 Praesideutest
498 2146 630 2201 antedicti
649 2147 737 2212 legati.
762 2146 1052 2217 Arcbiepiscopi:
1068 2146 1144 2201 iidem.

140 2219 323 2291 Episcopi:
349 2223 453 2285 praeter
484 2217 618 2283 laudatos,
643 2217 817 2274 Placentinus.
845 2220 1036 2286 Foroiuliense.
1056 2216 1144 2272 ‘Ciero-

140 2299 283 2348 moutauus.
302 2290 425 2342 Soranus.
443 2288 601 2343 Motuleufis.
626 2288 790 2343 Genarieutls.
812 2291 979 2344 Oratores
1007 2289 1145 2346 serenil-

142 2364 325 2418 sinistam.
350 2361 460 2425 regist
487 2360 572 2412 iidem.
598 2358 766 2413 Abbatasr
792 2360 860 2414 Tres
879 2363 987 2415 abbates
1011 2362 1144 2415 ordiniss.

104 2444 108 2455 ’
142 2434 284 2488 benedicti.
310 2431 507 2482 Geueraies
532 2430 703 2483 ordinums
729 2432 815 2486 iidem.
834 2435 1051 2489 Procurator
1068 2435 1102 2488 li.
1119 2433 1145 2486 Ι).

142 2501 334 2559 cardinalis
352 2500 586 2566 Augustensist
604 2501 728 2556 claudius
746 2503 1015 2574 layus,'Sabaudus,
1033 2511 1062 2561 et
1082 2519 1145 2575 pret·

143 2576 220 2644 byter
237 2572 399 2628 reformatus.
434 2570 528 2625 Plures
546 2570 667 2628 barones.

474 2785 618 2854 snssro
638 2787 825 2872 ranam,
915 2788 918 2797 ’

295 2906 431 2963 celebrata
448 2907 494 2962 die
511 2904 679 2967 1V0'meuste
698 2911 778 2970 Febr.
794 2912 834 2967 M.
852 2911 888 2968 D.
906 2908 1008 2967 var.

216 3014 246 3083 a)
266 3015 339 3069 Auno
358 3015 519 3068 anatiritats
532 3016 635 3072 Domini
652 3019 781 3073 millefluo
793 3018 994 3087 quingentesimo
1012 3017 1153 3086 quadrags-

144 3088 205 3140 liuao
223 3086 311 3151 sexto,
340 3093 433 3155 quarto
458 3088 548 3140 mensis
566 3089 715 3156 Februarii,
745 3091 793 3143 snit
820 3090 889 3143 sellio
907 3089 1045 3157 generalis,
1069 3097 1097 3144 et
1113 3105 1155 3157 cog

145 3159 244 3211 lebrata
260 3159 332 3210 misse
355 3159 388 3210 de
406 3156 505 3228 Spiritu
531 3160 618 3216 sancto
637 3178 684 3230 per
704 3160 921 3230 archiepiscopum
939 3160 1156 3225 Panormitanuar‚

145 3230 264 3295 magister
283 3229 425 3283 Ambrofius
443 3229 596 3284 Cathariuus
614 3230 647 3301 h)
666 3232 755 3285 habult
772 3233 931 3297 orationem,
957 3236 984 3284 et
1002 3233 1155 3290 reverendus

145 3307 220 3369 pater
237 3301 354 3352 domiuus
379 3300 585 3371 archiepiscopus
602 3303 789 3357 Turritanentis
814 3305 878 3371 legit
897 3305 1046 3368 decretum,
1069 3310 1102 3356 ¹et
1119 3305 1158 3356 in·

145 3373 288 3438 terrogavit
314 3379 416 3440 patres,
440 3389 474 3424 au
498 3374 626 3442 placeret,
655 3376 903 3446 responderuntque,
932 3375 975 3428 sed
1002 3375 1083 3443 aliqui
1101 3391 1157 3449 capr

145 3443 225 3496 cartis
240 3441 427 3508 additionibus,
442 3443 541 3498 Placet.
809 3454 812 3459 '

180 3606 447 3681 T.x1..p.137.)‚
479 3607 516 3662 cl.
535 3609 627 3661 Tolet.
644 3606 694 3660 lv.
721 3623 747 3661 a.
766 3609 828 3673 633.
856 3622 917 3675 cap.
941 3611 969 3668 4.
998 3605 1048 3673 (ib.
1069 3608 1104 3663 Τ.
1122 3607 1157 3661 X.

180 3692 209 3745 Ρ·
225 3677 315 3744 617·);
331 3676 538 3735 ¹Conssautiense
555 3676 739 3739 e.1414.'seff.
749 3686 775 3739 1·
793 3676 845 3742 (ib.
862 3678 896 3731 Τ.
908 3678 1032 3734 XXVll.
1049 3694 1078 3746 p.
1086 3680 1155 3744 539).

180 3746 229 3789 -’
252 3750 278 3815 e)
297 3748 340 3804 Cl.
363 3748 430 3803 Seff.
448 3752 542 3806 XXV.
568 3754 720 3811 continuat.
744 3749 787 3801 De
811 3750 874 3802 loco
893 3761 1045 3811 oratorum.
1064 3777 1099 3791 -
1133 3750 1157 3814 l)

180 3819 224 3871 Ex
242 3820 349 3873 collect.
368 3819 451 3874 Labb.
470 3823 504 3875 T.
521 3822 601 3876 XlV.
620 3836 649 3887 p·
657 3825 720 3881 741.
738 3815 777 3862 -'
811 3828 843 3891 g>
861 3820 905 3873 Ex
923 3821 982 3876 aad.
1002 3838 1031 3890 p.
1049 3827 1156 3883 743.-

179 3889 350 3956 h)·Politus,
377 3893 457 3961 cuius
476 3897 567 3945 oratio
581 3887 622 3945 cst
639 3897 669 3946 in
687 3891 861 3948 Monumeut.
884 3890 919 3946 ad
944 3888 1038 3947 bitur.
1056 3893 1157 3947 concil.

183 3961 307 4015 Trideut.
328 3964 362 4015 Τ.
385 3965 405 4016 l.
424 3980 451 4035 p.
468 3968 505 4024 46
524 3962 582 4035 sqq.
1163 3993 1165 3997 ¹
