2528 4522
99 200 160 340 Ι44
209 248 302 347 App.
325 247 352 318 L
373 245 421 318 ad
442 243 578 314 Concii.
602 242 760 316 Trident
821 241 905 313 Seff.
930 244 1012 318 VII.

109 438 282 505 concilium
314 435 352 500 in
380 432 443 497 alia
466 429 598 494 civitate
618 426 824 512 hujusmodi,
859 427 898 490 ad
923 449 1017 514 quam
1038 427 1123 491 iilud

107 523 292 600 transferri,
313 534 345 585 et
365 519 484 584 mutari
505 516 694 596 contigerit,
722 513 951 591 continuandi,
979 515 1122 592 tenendi,

108 626 142 677 et
163 606 365 684 celebrandi,
387 603 479 670 etad
502 601 584 664 illud
610 603 792 685 praelatos,
813 610 845 663 et
867 600 945 662 elias
966 604 1120 686 personas

108 700 240 761 concilii
262 697 447 759 Tridentini
471 693 672 776 hujusmodi,
707 693 803 755 etiam
826 696 881 755 sub
901 693 1055 778 perjurii,
1089 706 1123 756 et

108 786 180 847 aliis
203 786 239 846 in
262 785 381 847 litteris
405 781 595 843 indictionis
616 780 747 841 concilii
773 779 955 861 hujusmodi
987 782 1124 863 expres-

46 886 49 891 '
107 871 147 933 fis
170 871 298 955 poenis,
320 867 494 945 evocandi,
513 867 680 952 eidemque
703 866 744 928 fio
765 866 922 947 tranelato
944 876 977 927 et
998 876 1123 926 mutato

108 955 267 1033 concilio,
289 956 422 1019 nomine
444 964 477 1016 et
498 953 687 1017 auctoritate
708 949 893 1036 praedictis,
911 940 1125 1036 praefidendi‚

109 1063 144 1103 ac
165 1043 201 1103 in
223 1062 262 1103 eo
286 1039 498 1126 procedendi,
527 1052 692 1126 ceteraque
711 1039 748 1101 in
769 1038 966 1122 praemislis,
986 1048 1019 1098 et
1040 1037 1126 1098 circa

109 1132 148 1190 ea'
168 1126 338 1189 necefferia
360 1138 392 1189 et
414 1137 613 1210 opportuna,
649 1124 729 1186 elias
749 1123 836 1205 juxta
858 1124 1006 1210 priorum
1027 1124 1124 1186 vobis

109 1211 301 1275 directarum
334 1213 515 1275 litterarum
548 1211 779 1274 continentiam
810 1221 843 1272 et
869 1221 1034 1285 tenorem,
1072 1203 1126 1269 fa·
1175 1266 1180 1275 .

111 1297 236 1376 ciendi,
257 1297 428 1375 statuendi,
452 1295 645 1374 ordinandit,
668 1307 700 1358 ct
718 1294 917 1382 exequendi,
943 1296 1071 1380 pieriam
1094 1306 1126 1356 et

58 1416 62 1423 ·
108 1385 244 1446 liberem
265 1383 432 1468 apostolica
455 1385 645 1447 auctoritate
672 1394 786 1444 tenore
806 1384 1021 1467 praesentium
1043 1400 1127 1442 con-

56 1504 60 1512 =
110 1468 253 1532 cedimus
285 1469 484 1554 potestatem,
520 1481 554 1531 et
583 1466 785 1543 iacultatem3
819 1479 922 1528 ratum
944 1478 976 1528 et
998 1478 1125 1546 grutem

108 1555 271 1632 habituri,
304 1554 458 1640 quidquid
482 1574 620 1638 perros
643 1556 679 1616 in
699 1553 876 1638 praemiffis
901 1551 1042 1628 sactum,
1065 1551 1126 1612 iia-

108 1649 235 1716 tutum‚
265 1643 465 1716 ordinatum,
501 1651 712 1703 executumve
734 1635 849 1714 inerit,
881 1638 977 1723 idque
999 1634 1126 1717 facturi,

108 1737 238 1787 auctore
261 1724 423 1804 Domino,
446 1727 682 1790 inviolabiliter
702 1725 880 1789 observari:
905 1726 979 1789 uon
999 1723 1126 1798 obsten-

109 1812 195 1872 tibus
229 1811 526 1887 constitutionibus,
567 1824 600 1875 et
636 1813 894 1875 ordinationibus
933 1810 1127 1895 apostolicis,

110 1895 288 1982 ceterisque
302 1897 472 1958 contrariis
486 1897 744 1985 quibuscumque.
789 1897 881 1959 Nulli
898 1919 973 1975 ergo
991 1897 1126 1958 omnino

109 1979 280 2044 hominum
300 1976 396 2044 liceat
419 1983 500 2044 hanc
526 1986 675 2069 paginam
698 1983 818 2047 nostrae
840 1984 1049 2047 conceifionis
1072 1983 1127 2044 in-

109 2062 269 2146 fringere,
306 2070 360 2130 vel
394 2068 425 2129 ei
454 2072 528 2130 ausu
555 2071 727 2132 temerario
749 2081 859 2132 contra
882 2070 939 2133 ire.
995 2068 1127 2155 Siquis

109 2164 216 2213 eutem
228 2154 290 2214 hoc
303 2164 458 2216 attentare
471 2157 729 2240 praesumpserit,
750 2154 1009 2235 indignationem
1022 2155 1128 2216 omni·

109 2240 254 2322 potentis
282 2236 362 2316 Dei,
396 2260 430 2300 ac
463 2241 628 2305 beatorum
656 2239 743 2303 Petri
770 2252 802 2300 et
831 2240 923 2301 Pauli
954 2235 1131 2327 Apostolo-·

110 2343 181 2386 rum
203 2325 279 2406 ejus,
304 2329 336 2388 se
358 2325 489 2386 noverit
504 2326 713 2390 incursurum.
756 2322 875 2388 Datum
889 2324 1022 2398 Romae,
1043 2348 1058 2386 a
1086 2325 1127 2387 ud

111 2407 145 2470 S.
159 2409 297 2484 Petrum,
318 2431 401 2472 anno
415 2412 645 2476 incarnationis
657 2410 899 2476 Domintcaettt.
910 2411 951 2473 D.
961 2409 1043 2475 XLI
1090 2409 1128 2497 1).

111 2491 209 2556 tht.
230 2495 297 2560 kal.
319 2494 413 2556 Mart.
437 2497 644 2579 pontificatus
667 2498 765 2559 noliri
785 2517 871 2560 auno
895 2497 950 2561 Xl
964 2502 1001 2580 t).

429 2597 514 2667 fao.
534 2601 713 2689 episcopua
734 2602 828 2691 Spol.

762 2722 765 2731 '
849 2704 894 2773 B.
917 2708 1046 2778 Morta.

185 2864 219 2934 1¹)
238 2865 306 2920 'Huc
335 2883 417 2936 nsque
451 2871 610 2939 progressum
634 2873 684 2924 tutt
711 2873 846 2926 concilium
875 2874 1055 2929 Tridentinurn
1084 2877 1127 2930 tub

114 2938 198 2991 Paulo
210 2941 309 3004 tertio,
335 2957 351 2992 a
375 2957 427 3007 quo
453 2944 539 3010 potteo
564 2944 699 2996 concitium
719 2946 785 2997 idem
808 2947 949 3000 Bononiam
968 2950 1127 3014 translatum,

114 3010 167 3061 iilic
185 3011 216 3079 ad
235 3017 336 3079 tempus
354 3014 389 3064 est
407 3015 581 3070 intermittam.
625 3015 728 3068 interim
754 3033 815 3069 vero
831 3019 925 3071 Penius
950 3022 1043 3073 tertios
1061 3023 1127 3074 riam

114 3082 246 3135 universae
264 3085 347 3135 cernis
365 3086 504 3151 ingredire,
532 3087 696 3140 successorem
715 3088 803 3140 habuit
819 3091 915 3143 dotium
935 3094 1055 3158 tertium,
1083 3094 1128 3144 sub

115 3168 168 3218 quo
188 3154 271 3220 postea
291 3165 457 3211 convocatum
477 3160 512 3210 cst
530 3160 620 3211 iterum
642 3161 666 3211 iu
684 3160 774 3213 eadem
793 3162 896 3214 civitate
915 3163 1081 3227 Tridentino,
1102 3170 1127 3217 et

115 3227 200 3276 vocati
218 3242 318 3292 omnes,
343 3231 385 3294 qui
406 3230 485 3282 solent
504 3231 620 3283 intercise
638 3234 763 3298 concilio,
790 3233 823 3285 cd
843 3235 947 3301 primam
967 3235 1036 3288 diem
1054 3236 1128 3302 Maii,

20 3314 23 3332 ·
114 3297 246 3348 mittetimo
263 3299 462 3365 quingentefimo
479 3303 685 3368 quinquagotimo
703 3305 794 3372 primo.
831 3307 889 3361 Qua
902 3306 944 3359 die
957 3307 1040 3360 adfuit
1052 3323 1128 3376 prae·

115 3367 173 3419 tene
191 3369 292 3435 legatus
303 3371 466 3427 crescentius
483 3389 541 3426 cum
560 3376 687 3427 nonnullis
705 3377 845 3445 episcopios
862 3375 924 3429 nihii
939 3384 1024 3432 temen
1043 3385 1128 3431 actum

115 3441 152 3491 est
169 3448 275 3507 propter
293 3446 446 3508 paucitatem
468 3445 644 3512 episcoporum
662 3463 743 3514 usque
767 3448 800 3500 ud
824 3450 986 3503 undecimum
1005 3451 1128 3503 Octobris

116 3510 232 3580 ejusdem
251 3515 324 3580 euni,
342 3516 450 3582 quodie
468 3517 598 3570 celebrate
613 3519 649 3570 est
666 3521 743 3573 tertis
760 3521 831 3574 scitio
843 3521 888 3575 iub
905 3522 977 3575 tutto
995 3523 1128 3592 pontifice.

114 3667 558 3687 Μ

150 3773 179 3838 1)
198 3769 288 3827 nara.
305 3779 332 3820 er
352 3771 424 3842 oris.
442 3773 615 3829 nuxrvn.

150 3877 176 3944 t)
194 3877 238 3933 Ci.
252 3878 428 3933 Monument.
444 3879 475 3931 ad
493 3878 586 3941 hiiior,
609 3900 685 3936 conc.
700 3884 825 3942 Trideut.
845 3887 879 3943 T.
898 3888 946 3940 111.
965 3904 991 3954 p.
1011 3891 1064 3950 255
1072 3886 1128 3958 sqq.

152 3977 187 3991 -
226 3948 260 4018 u)
279 3950 322 4002 En
340 3950 449 4006 collect.
468 3951 550 4007 Labb.
569 3956 602 4010 T.
619 3956 700 4010 XtV.
718 3972 746 4025 p·
764 3962 826 4018 78²4.
