2528 4522
158 256 232 328 202
312 238 403 342 App.
427 242 456 315 ι
477 242 525 315 ed
548 241 684 315 concil.
707 242 874 344 Trident-
920 243 1006 322 Seff.
1023 239 1145 322 xxv.

158 429 217 506 lle,
240 426 319 492 eliae
338 423 412 514 e)in
436 429 494 492 hae
515 428 624 499 erdem
654 429 796 509 synodo,
825 429 879 492 sub
900 422 957 491 fet.
977 450 1040 490 ret.
1058 427 1162 490 Paulo

158 511 219 579 ΙΙΙ.
240 516 433 588 innovatum,
455 535 533 600 quae
548 515 674 599 incipit,
695 521 721 590 ¹)
736 513 829 595 Quia
850 512 1035 600 contingit.
1060 513 1162 595 Quod

158 600 182 663 st
204 599 374 684 hospitalia
397 600 472 662 liaeo
494 599 530 661 ad
560 612 680 662 certum
704 601 965 683 peregrinorum,
992 613 1046 659 eur
1068 602 1165 661 insir-

128 740 133 749 .
159 704 300 757 rttorum,
332 693 383 745 aul
411 687 542 746 alierum
575 689 777 770 personarum
805 706 904 764 genus
927 685 1164 768 suscipiendum

159 764 280 833 suerint
300 768 455 847 inllituta;
478 791 534 831 neo
554 769 588 832 in
611 772 692 842 loco,
716 771 768 830 ubi
784 773 856 831 sunt
879 769 959 830 dicta
983 770 1165 855 hospitalia,

158 854 276 919 diuites
298 859 464 940 personae,
496 865 549 916 aut
581 875 762 938 perpaucae·
784 855 1001 938 reperiantur:
1035 857 1164 916 inandat

159 938 280 1015 illiue,
316 951 349 1002 ul
381 939 502 1013 sruclue
527 941 713 1003 illorumin
734 939 832 1001 alium
855 941 943 1022 pium
968 945 1075 1017 usum,
1110 943 1166 1026 qui

158 1044 269 1089 eornm
292 1024 480 1088 inllilutioni
503 1026 682 1109 proximior
702 1025 756 1098 sil,
778 1046 817 1090 ac,
833 1045 892 1108 pro
913 1026 1003 1100 loco,
1026 1039 1057 1086 et
1080 1037 1167 1086 lem-

184 1128 239 1173 ore
265 1111 391 1185 utilior,
413 1121 652 1185 convertentur,
682 1121 778 1193 prout
800 1109 962 1171 ordinario
985 1132 1057 1172 curn
1082 1111 1166 1172 duo-

183 1214 219 1257 na
240 1193 279 1258 de
300 1196 460 1281 capitulo,
494 1194 549 1281 qui
574 1215 679 1282 rerum
712 1195 765 1258 usu
794 1194 965 1278 peritiores
994 1197 1071 1269 lint,
1107 1218 1166 1280 per

157 1280 170 1345 i
198 1282 263 1345 sinn
287 1280 486 1361 deligendis,
515 1281 615 1361 magio
645 1279 798 1364 expedire
825 1281 928 1341 risum
956 1275 1072 1342 fuerit:
1105 1283 1166 1343 nisi

157 1301 252 1431 aiiler
268 1362 371 1437 sorte.
391 1367 487 1428 etiam
510 1369 542 1426 in
567 1367 651 1428 bunc
669 1374 836 1437 eventurn,
857 1365 891 1427 in
916 1385 1025 1428 eorum
1048 1362 1166 1427 sunda-

159 1453 272 1529 lioutt,
317 1464 369 1515 aul
404 1451 598 1514 inllitutione
632 1446 728 1512 suerit
760 1448 957 1533 expressum:
993 1473 1054 1534 quo
1087 1457 1166 1525 cal'u,

159 1538 245 1685 paud
270 1537 450 1601 ordinatum
472 1533 550 1611 suit,
578 1535 738 1611 obseruari
770 1545 856 1596 curet
881 1535 1068 1619 episcopusr
1100 1548 1165 1611 aut,

190 1622 239 1703 ¹id
263 1645 327 1687 non
349 1621 461 1709 pettit,
483 1620 567 1705 ipso,
589 1629 684 1704 proul
705 1623 813 1700 supra,
847 1621 969 1680 utiliter
986 1621 1166 1704 provideat.

158 1704 268 1809 llatpue
286 1708 310 1769 li
332 1704 485 1793 praedicti
506 1724 637 1779 ornnes,
657 1713 690 1767 et
709 1704 843 1783 singuli,
865 1704 1085 1791 cujuscumque
1109 1729 1164 1768 or-

159 1790 266 1869 dime,
294 1803 326 1855 et
348 1789 534 1869 religionis,
565 1800 598 1851 ei
618 1788 807 1871 dignitatis,
834 1791 930 1851 etiam
952 1791 974 1849 li
997 1792 1069 1851 laici
1091 1787 1165 1853 sue-

118 1884 120 1889 '
159 1879 243 1947 rint.
276 1876 331 1964 qm
359 1874 661 1937 administrationem
692 1872 898 1959 hospitalium
928 1873 1061 1950 lrebent,
1097 1900 1164 1940 non

160 1973 264 2027 lernen
284 1962 479 2039 regularibus
500 1960 646 2041 subjecti,
679 1961 732 2021 ubi
760 1961 849 2036 viget
870 1962 1026 2038 regularis
1054 1963 1163 2024 obser-

160 2049 288 2124 ttmtie,
310 2048 347 2110 eb
368 2044 530 2109 unlinario
553 2044 688 2119 moniti,
711 2045 940 2127 hospitalitatis
960 2067 1082 2122 rnunue,
1103 2046 1161 2106 ad-

160 2134 275 2199 ltibitie
295 2133 462 2205 omnibus,
482 2128 519 2193 ad
544 2151 623 2216 quae
646 2141 802 2202 tenentur,
823 2129 1016 2205 necessariis,
1038 2152 1070 2194 re
1092 2132 1161 2215 ipsa

160 2219 250 2283 obire
271 2216 477 2293 cessaverint,
498 2238 576 2287 ¹non
607 2217 710 2278 solum
739 2236 796 2299 per
818 2216 1029 2277 ecclesiasticae
1050 2224 1164 2280 censu-

159 2325 227 2381 rae,
259 2316 291 2367 el
314 2305 375 2367 alia
396 2303 472 2383 juria
493 2300 632 2364 remedia
653 2301 691 2363 ed
714 2300 745 2360 id
765 2301 917 2385 compelli
941 2303 1076 2385 pol'sint3
1110 2302 1162 2366 sed

159 2391 256 2454 oliam
283 2389 451 2472 hospitalis
476 2387 573 2470 ipliue
594 2385 883 2460 administratione,
912 2408 1023 2448 curave
1046 2410 1164 2472 perpe-

160 2484 216 2536 tuo
243 2474 364 2557 privari
397 2472 534 2554 poliintr
565 2472 686 2555 aliique
717 2491 828 2531 eorum
856 2473 927 2532 loco
957 2474 994 2531 ab
1025 2474 1087 2544 iis,
1124 2473 1162 2535 ad
1256 2474 1260 2480 ’

158 2576 238 2643 quoe
258 2556 418 2640 spectabit,
442 2555 668 2615 subllituentur.
711 2552 752 2615 Et
771 2555 924 2639 praedicti
938 2557 1163 2634 nibilominus,

157 2639 313 2704 etiamad
338 2634 495 2699 fructuum
518 2638 762 2712 rellitutionem,
792 2661 872 2725 quos
895 2655 1000 2702 contra
1022 2642 1161 2725 ipsorum

156 2724 365 2808 hospitalium
388 2720 615 2784 inllitutionem
638 2737 865 2808 perceperunt,
898 2747 976 2811 quae
1005 2729 1092 2788 nulla
1114 2731 1161 2789 eie

156 2811 358 2883 remissione,
397 2817 450 2868 aut
490 2810 718 2891 compositione
758 2809 974 2889 indulgeatur,
1017 2813 1052 2874 in
1089 2809 1159 2875 soro

157 2896 369 2960 conscientiae
391 2904 571 2957 teneantur:
606 2916 662 2957 neo
684 2892 931 2971 adminillratio,
960 2901 1163 2974 semguber-

157 2983 246 3044 natio
270 2978 451 3061 hujusmodi
484 2980 625 3040 locorum
653 2980 763 3045 uniet
792 2979 896 3043 eidem
926 2986 1079 3065 personae
1110 2985 1162 3045 ul·

158 3079 204 3129 tra
239 3068 411 3129 triennium
431 3061 477 3144 21)
487 3063 638 3150 deinceps
661 3065 895 3137 contmittatur3
927 3067 985 3126 nitt
1007 3069 1102 3130 aliter
1126 3070 1162 3130 in

157 3149 345 3215 fundatione
375 3161 499 3213 cautum
528 3152 723 3233 reperiatur:
756 3172 821 3212 non
844 3150 1000 3226 obllente,
1029 3175 1091 3238 quo
1122 3153 1160 3214 ad

157 3238 265 3301 omnia
287 3235 479 3319 supradicta,
498 3234 690 3321 quecumque
711 3235 847 3311 unione,
876 3238 1100 3321 exerrtptione,
1130 3249 1163 3300 et

156 3321 382 3384 consuetudine
404 3321 438 3383 in
461 3323 672 3393 contrarium,
705 3323 802 3382 etiem
823 3322 1088 3395 immemorabili,
1109 3328 1161 3385 seu

155 3408 358 3494 privilegiis,
376 3417 430 3466 aut
453 3404 587 3467 indultis
610 3407 868 3491 quibuscumque.

161 3601 583 3615 m--m
596 3604 600 3609 ι

189 3723 236 3782 21)
254 3719 394 3773 biennium
416 3720 501 3777 trad,
517 3719 610 3772 traam.

189 3840 223 3974 ii
237 3838 308 3975 5(Πὲ
320 3842 384 3897 vtt.
407 3840 441 3895 ‘¹0
458 3839 575 3927 aarum.
597 3859 622 3898 a.
640 3845 685 3906 15.
703 3870 737 3884 -
779 3842 805 3908 r)
824 3841 1035 3922 clementini,
1053 3845 1099 3897 ttt
1120 3847 1161 3896 ni.

226 3930 274 3966 00.
311 3950 319 3968 e
