2528 4522
295 206 494 303 Decretum
518 211 563 293 de
584 188 852 304 reformatione.
907 286 914 300 ,
1031 224 1081 294 25

64 395 257 485 quicumque
288 397 529 484 parochiales,¹
550 399 605 463 vel
643 398 724 462 uliae
757 419 865 463 curam
886 396 1082 464 ..animarum

64 485 238 562 habentes,
262 485 405 548 ecclesias
429 505 627 574 quocumque
648 486 745 547 modo
769 485 916 553 obtinent
930 483 993 566 1⁰),
1023 506 1082 572 per

63 573 116 646 se,
138 572 192 634 vel
215 573 298 634 alios
319 574 472 649 idoneos,
491 573 518 635 sa
537 572 683 653 legitime
703 568 853 656 impediti
873 567 1006 647 suerint,
1028 572 1082 634 di·

63 658 143 719 ebus
174 659 286 720 saltam
306 658 507 753 DominicisJ
537 669 576 739 et.
603 656 688 721 lestis
718 650 934 735 solemnibus,
970 658 1080 743 plebea

62 743 123 804 libi
143 743 323 807 commissas
348 768 406 830 pro
440 749 515 820 sua,
538 753 580 806 ¹et
611 765 721 825 earum
754 744 924 828 capacitate
952 748 1082 828 pascent

60 828 253 890 salutaribus
287 831 413 907 verbim
446 829 589 892 docendo
622 844 788 916 ea„‘quee
817 830 898 893 scire
929 830 1080 892 omnibue

61 911 271 977 necessarium
302 917 345 980 est
371 916 411 979 ed
441 912 904 1002 salutern,annuntianduque
938 917 1080 979 eiacum

61 999 238 1076 brevitate,
259 1011 291 1063 et
313 1001 467 1079 facilitate
488 1002 645 1065 serrounio
665 1001 765 1080 vitia,
793 1021 873 1086 quae
899 1021 955 1063 eos
977 999 1102 1079 decli-=

62 1105 159 1160 uere,
191 1097 224 1164 et
245 1088 380 1170 virtutes
401 1109 477 1174 queo
498 1088 610 1163 sectari
631 1097 797 1172 oporteat3
820 1099 853 1148 ut
874 1107 1009 1172 poenam
1024 1108 1081 1148 ee-

60 1179 185 1232 ternam
208 1172 361 1249 evadere,
383 1188 414 1235 et
435 1174 595 1237 caelestem
617 1174 756 1255 gloriam
776 1172 928 1258 consequi
941 1168 1080 1237 valeant.

57 1254 95 1319 Id
121 1276 198 1318 vero
220 1258 244 1318 si
267 1261 339 1345 quia
369 1280 482 1323 eorum
507 1258 657 1345 praestare
684 1257 844 1338 negliget,
873 1259 972 1321 etiem
994 1257 1018 1319 si
1039 1258 1078 1318 ab

61 1340 208 1426 episcopi
228 1343 453 1426 jurisdictione
477 1346 592 1430 quevis
611 1344 737 1407 ratione
753 1353 941 1428 exemptum
961 1343 993 1407 se
1014 1342 1079 1411 ell'e

61 1428 305 1510 praetenderet;
329 1431 426 1493 etiam
448 1430 473 1491 fi
494 1430 638 1492 ecclesiae
657 1429 884 1515 quovismodo
907 1439 1079 1512 exemptae

58 1511 259 1588 dicerentur,
288 1529 343 1579 eut
363 1515 460 1577 elicui
479 1515 686 1591 monasterio,
715 1515 813 1577 etiam
838 1525 929 1579 extra
948 1513 1081 1577 dioece-

58 1598 117 1661 sim
150 1598 318 1676 exilienti,
351 1596 459 1664 forsan
490 1623 651 1679 annexae,
679 1603 732 1663 vel
760 1601 902 1676 unitae,x
922 1599 1020 1665 modo
1042 1618 1079 1663 re

58 1683 131 1765 ipsa
159 1684 194 1745 in
223 1684 358 1758 dioecesi
378 1687 457 1767 sint,
493 1687 631 1772 pro-vida
661 1687 825 1770 pastoralia
853 1685 1081 1771 episcoporum

58 1768 233 1831 solicitudo
251 1794 318 1834 non
342 1772 436 1848 desit,
469 1794 510 1835 ne
540 1773 625 1835 illud
650 1773 824 1858 impleatur
846 1769 910 1851 ²1):
934 1775 966 1850 5)
982 1769 1082 1855 Pare

58 1851 137 1916 vuli
152 1852 335 1939 petierunt
360 1878 506 1942 panem,
534 1866 569 1920 et
598 1879 665 1920 non
696 1865 775 1919 ercet
805 1854 867 1942 qni
892 1852 1080 1941 frangeret

57 1935 121 2000 eia.
170 1937 281 2025 ltaque
316 1945 370 2004 ubi
399 1946 438 2004 eb
470 1943 622 2029 episcopo
654 1944 774 2006 moniti
798 1944 897 2025 trium
925 1943 1080 2004 mentium

56 2023 163 2108 spatio
194 2027 320 2089 muneri
347 2032 414 2095 suo.¹
436 2026 614 2106 defuerint,
648 2048 708 2113 per
731 2031 876 2111 censuras
898 2027 1080 2090 ecclesiasti-

46 2116 130 2183 cea,
163 2112 217 2172 seu
247 2112 327 2175 aliae
357 2112 395 2175 ad
426 2114 524 2199 ipsius
554 2113 699 2199 episcopi
724 2114 893 2176 arbitrium
914 2125 1078 2194 cogantur,

56 2195 103 2256 ite
128 2196 301 2271 uterium,
331 2199 357 2259 fi
385 2199 418 2261 ei
439 2202 480 2261 lic
508 2184 662 2283 expedire
686 2200 792 2279 visum
810 2192 927 2272 fuerit,
955 2221 998 2261 ex
1020 2201 1078 2260 be-

56 2280 249 2343 neficiorum
281 2277 583 2356 fructibuaalteri,
617 2284 674 2367 qui
704 2283 738 2359 id
771 2282 919 2366 praestet,
949 2283 1078 2346 honesta

56 2368 164 2451 aliqua
187 2387 310 2428 merces
337 2368 556 2454 persolvatur,
589 2362 690 2428 donec
721 2367 914 2452 principalia
935 2366 1004 2452 ipse
1024 2389 1078 2431 re·

55 2450 205 2537 sipisceus
230 2451 371 2516 officium
393 2457 483 2523 suurn
505 2452 650 2536 impleat.
724 2508 727 2513 .

121 2537 159 2599 si
180 2558 261 2623 quae
283 2559 361 2601 vero
384 2540 587 2623 parochiales
611 2537 756 2623 ecclesiae
783 2536 982 2623 reperiantur
1003 2538 1078 2603 sub·

57 2620 157 2704 jectae
178 2624 389 2701 monasteriis,
412 2627 455 2703 in,
468 2623 716 2689 nulladioecesi
736 2625 952 2698 existentibus,
974 2626 998 2686 si
1019 2629 1077 2687 ab·

58 2711 166 2783 batee,
200 2720 232 2771 et
260 2712 424 2790 regulares
452 2712 589 2794 praelati
608 2711 643 2772 in
673 2710 845 2794 praedictio
871 2712 1076 2791 negligentes

58 2789 196 2870 luerint,
218 2815 236 2854 a
257 2797 540 2879 metropolitanis,
563 2796 598 2859 in
622 2817 757 2882 quorum
779 2799 959 2880 provinciis
980 2797 1076 2860 dioe-

59 2885 142 2944 ceses
164 2881 252 2964 ipsae
276 2882 351 2944 fitae
371 2887 464 2956 sunt,
491 2893 651 2967 tutoquam
675 2881 778 2967 quoad
800 2883 862 2944 hoc
883 2884 969 2946 sedis
992 2905 1076 2968 apo·
1165 2917 1169 2929 ι

10 3008 12 3043 ;
58 2965 183 3029 dolicae
213 2966 388 3046 delegatis,
423 2969 663 3053 compellantur.
705 2968 815 3055 Neque
835 2967 932 3048 hujus
955 2969 1076 3031 decreti

10 3054 13 3071 '
60 3053 283 3115 executionem
303 3053 508 3128 consuetudo,
528 3055 582 3115 vel
605 3056 789 3138 exemptio,
814 3065 868 3115 aut
888 3054 1075 3139 appellatio,

10 3180 12 3225 i
60 3150 111 3199 eut
131 3137 337 3216 reclamatio,
369 3139 435 3202 five
457 3144 599 3221 recursus
621 3139 779 3222 impedire
802 3139 926 3214 ualeat,
957 3161 1075 3225 quoue·

10 3228 14 3241 '
60 3245 117 3309 que
142 3222 278 3308 desuper
309 3246 327 3286 a
354 3227 550 3309 competenti
580 3224 698 3308 judice,
730 3225 785 3310 qui
813 3227 999 3300 summarie,
1041 3235 1074 3288 et

10 3308 16 3399 ζΡ
59 3311 122 3371 sola
145 3303 378 3372 facti-veritate
400 3313 540 3393 inspecta
563 3311 727 3395 procedat,
757 3311 939 3390 cognitum,
962 3324 994 3374 et
1015 3310 1075 3374 de-

10 3462 13 3485 Ι
59 3396 156 3459 cisum
178 3391 288 3457 suerit.
328 3394 546 3477 z>Regulare'a
576 3419 652 3458 vero
682 3397 903 3482 cujuscumque
928 3397 1074 3474 ordinis,

10 3532 13 3539 .
59 3482 117 3544 nisi
134 3503 153 3542 a
174 3483 241 3545 suia
264 3483 481 3565 superioribus
497 3482 537 3546 de
555 3484 621 3546 vita
632 3528 642 3562 ,
663 3485 807 3545 moribus
825 3481 890 3569 Ψ),
915 3496 947 3546 et
967 3485 1073 3547 scien-

93 3663 141 3727 10)
159 3658 221 3713 hab.
243 3657 310 3708 eccl.
335 3674 418 3725 quoe.
437 3673 475 3711 m.
492 3638 664 3715 ubtiueutee,
690 3652 781 3722 Brim,
811 3655 900 3723 Vires,
919 3658 1020 3710 'liberm
1038 3687 1072 3696 -

91 3736 139 3813 11)
156 3730 341 3796 adimpleatur
366 3727 456 3779 Hurd.
475 3755 510 3766 -
556 3727 602 3794 19)
619 3738 647 3778 et
665 3743 735 3782 mor.
748 3726 841 3790 Bria„
862 3730 1072 3796 Vird.‚·1tlrem.

10 3824 12 3829 ¹
93 3842 124 3906 y)
144 3837 337 3903 Threu.4‚a.
359 3860 393 3873 -
430 3836 456 3901 a)
473 3835 531 3887 Leo
550 3835 586 3889 X.
604 3837 632 3886 iu
654 3835 739 3895 Cone.
757 3816 879 3903 Later'an.
898 3853 935 3904 V.
952 3849 1011 3904 retr·
1028 3861 1072 3912 11.

94 3913 129 3962 de
149 3909 233 3960 modo
253 3909 371 3975 praedic.
391 3906 485 3972 (Hard.
504 3908 539 3962 T.
559 3909 607 3961 lX.
627 3915 773 3981 p.1808.).
