2528 4522
262 290 278 339 .·
298 267 357 340 De
382 267 605 365 regularibus
625 279 663 342 et
687 254 926 347 monialibus..
1034 247 1152 354 1185Χ

404 486 424 511 ·-,
470 493 475 509 i
530 451 610 518 Gar.
629 450 678 522 X.

104 565 290 652 [Moninles
324 591 523 658 canoquoque
553 567 668 656 mense
694 580 837 655 peccate
865 563 1110 655 confiteantur,

102 662 139 735 ei
157 652 411 738 Encltnristinm
425 653 591 737 sumant:
612 653 839 746 cortsrstnriaa
860 657 1110 721 extraordina-

103 737 179 802 rius
200 737 246 800 iis
266 734 309 799 n'b
324 737 480 826 episcopo
500 739 549 824 'ns
555 749 706 827 ignetur.
748 739 852 804 Intra
869 737 1110 824 septemana-

125 845 150 859 ··
257 822 362 909 sterii
371 823 526 886 Barbari
555 825 591 886 in
606 844 672 886 non
694 821 938 911 conservetur]
967 866 971 877 ·

164 933 342 1003 Attendant
363 941 534 1022 diligenter
556 941 716 1028 episcopi,
746 957 777 1006 et
809 944 903 1006 ceteri
926 943 1108 1028 superiores

103 1027 362 1089 mottalleriorum
383 1027 694 1104 sanctimonialium,
722 1041 755 1090 ut
777 1029 812 1090 itt
836 1029 1109 1091 constitutionibus

103 1131 214 1174 earum
245 1111 473 1196 admoneantur
496 1114 766 1190 sanctimoniales,
800 1125 834 1175 ut
862 1116 994 1192 'saltem
1011 1115 1109 1176 letnel

101 1197 242 1276 singulis·
256 1197 421 1259 -tnettfibus
443 1193 668 1260 consessionem
691 1209 890 1282 peccatorum
910 1196 1042 1272 saciettt3
1077 1211 1112 1262 et

34 1314 37 1319 ·
102 1285 328 1352 sacrosanctam
356 1279 582 1345 Euclterilliam
612 1284 806 1368 suscipian13
844 1296 877 1344 ut
908 1304 945 1346 eo
969 1288 1001 1347 le
1025 1283 1110 1346 salu-

102 1367 165 1429 tari
187 1367 341 1452 praesidio
358 1369 502 1430 muttiant
524 1369 561 1429 ud
577 1389 688 1437 omues
704 1371 957 1454 oppugnationes
979 1371 1110 1431 daemo-

101 1451 157 1514 nis
188 1448 317 1536 sortiter
351 1446 550 1538 superandas.
612 1450 743 1516 Praeter
777 1453 973 1516 ordinarium
1004 1466 1111 1517 autem

79 1568 82 1572 ¹
102 1531 313 1600 consessorem
333 1538 415 1619 alius
437 1536 710 1610 extraordinarius
732 1539 769 1598 ab
792 1541 962 1624 episcopo,
983 1550 1016 1603 et
1035 1540 1110 1601 aliis

102 1622 321 1707 superioribus
343 1626 391 1685 bis
412 1635 464 1684 aut
481 1635 528 1684 ter
542 1625 575 1685 in
592 1645 675 1686 amto
693 1622 863 1699 efferatum
891 1625 946 1709 qui
965 1625 1110 1689 omniurn

102 1703 315 1777 consessiones
335 1707 445 1770 audire
468 1708 586 1776 debeat.
649 1704 746 1790 Quod
780 1729 857 1771 vero
878 1710 1119 1778 ,sanctissimuttt

103 1789 216 1853 Cltrilli
236 1814 351 1879 corpus
372 1795 455 1856 intra
477 1794 627 1870 cltorotn,
661 1795 715 1856 vel
739 1797 826 1878 septa
846 1793 1046 1870 monasterii,
1077 1806 1111 1858 et

103 1897 172 1940 nort
195 1879 230 1939 itt
253 1879 377 1963 publica
408 1879 533 1940 ecclesia
566 1881 791 1956 conservetur,
827 1878 976 1962 prohibet
1006 1882 1110 1942 sancte

103 1962 266 2107 sypodus:
299 1985 366 2026 non
396 1963 533 2027 obstante
559 1983 757 2051 quocumque
779 1963 922 2043 indulto,
949 1975 1011 2029 ,aut
1038 1965 1111 2051 pti-

103 2067 237 2128 aregio.

466 2219 468 2223 <
519 2179 598 2246 Car.
620 2181 684 2246 XI.

101 2300 165 2382 [In
185 2295 417 2381 monasteriis,
448 2295 571 2385 quibua
592 2297 750 2362 imminet
778 2317 864 2362 cura
879 2277 1110 2384 personbrnm
1146 2352 1150 2363 ,

90 2382 357 2474 saecularium,
388 2383 449 2480 qui
469 2405 546 2447 eum
573 2392 749 2456 exercent,
777 2379 914 2477 substat
945 2377 1112 2478 episcopo,

166 2479 200 2533 et
218 2465 262 2530 ab
285 2489 322 2530 eo
339 2489 442 2554 prius
463 2466 723 2547 examinentur,
746 2476 850 2530 certis
872 2466 1050 2552 exceptum]

166 2590 205 2655 ln
226 2591 439 2668 monasteriis,
473 2591 525 2654 seu
544 2591 693 2655 domibus
714 2593 881 2664 virorum,
916 2595 968 2654 seu
983 2593 1111 2661 ,mulio-

102 2692 196 2752 rum,
217 2679 330 2765 quibus
352 2677 501 2738 imminet
525 2678 700 2739 attimacum
725 2700 795 2741 curs
816 2678 1018 2761 personarum
1040 2684 1111 2740 tac-

103 2765 274 2836 culariuttt,
301 2774 425 2847 praeter
447 2782 519 2835 cas,
550 2782 628 2848 quae
649 2763 721 2825 sunt
742 2762 781 2825 de
802 2763 934 2825 illorum
955 2763 1111 2826 monate-

101 2849 243 2923 riorum,
264 2851 316 2909 seu
335 2849 483 2909 *locorum
504 2842 628 2908 familia
650 2852 823 2934 personae,
851 2859 913 2908 tam
939 2850 1111 2927 regulares,

104 2956 197 3019 quant
220 2933 408 3010 saeculares,
438 2933 622 3014 hujusmodi
645 2955 750 2996 curam
771 2943 973 3007 exercentes,
994 2931 1122 3015 subsint-

105 3018 288 3081 immediate
308 3019 342 3080 itt
364 3019 426 3092 iis,
449 3039 527 3104 quae
549 3017 587 3079 ad
611 3015 728 3096 dictam
750 3030 865 3090 curam,
887 3029 917 3077 et
933 3019 1111 3079 sacramen-

103 3104 536 3166 torum·administrationem
561 3105 740 3186 pertinent,
768 3100 1000 3185 jurisdictioni,
1032 3102 1111 3162 vitia
1142 3126 1143 3133 ¹

104 3191 240 3265 tatiani,
257 3189 514 3250 ‘'at-correctioni
534 3190 691 3273 episcopi,
722 3188 756 3248 in
777 3187 863 3269 cujus
885 3185 1017 3248 dioecesi
1037 3192 1110 3250 sunt

101 3275 161 3336 ‘fita
177 3272 233 3354 12).
283 3272 347 3336 Nec
377 3275 424 3335 ibi
455 3273 572 3359 aliqui,
604 3276 699 3336 etiem
722 3272 888 3334 adnutum
909 3271 1110 3347 amoribile's‚
1208 3307 1210 3312 ·

105 3360 308 3444 deputentur,
330 3358 390 3421 niti
410 3357 449 3419 de
470 3357 618 3440 ejusdem·
632 3362 793 3430 consensu,
816 3379 850 3418 ac
873 3357 1005 3442 praevio
1027 3380 1107 3421 exa-

106 3448 211 3521 mina,
240 3465 298 3529 per
320 3464 408 3515 cum,
444 3454 498 3504 aot
516 3444 582 3524 ejus
601 3445 758 3506 vicarium
778 3438 943 3518 faciendo,
973 3456 1107 3528 excepto

106 3529 293 3595 tuottallorio
312 3527 507 3591 Cluttiacenli
529 3550 600 3590 cunt
621 3530 685 3592 sois
704 3527 879 3604 limitibus,
908 3540 940 3590 et
965 3530 1109 3613 exceptis

107 3617 203 3677 etiam
233 3615 274 3674 iis
304 3613 520 3690 tttottasteriis,
545 3617 605 3676 'seu
637 3614 737 3688 locis,
768 3613 803 3675 in
831 3615 944 3698 quibus
976 3616 1111 3690 abbates,

106 3702 289 3780 gutturales,
305 3709 367 3761 aut
382 3700 484 3783 capita
506 3698 653 3766 ordinum
676 3699 782 3778 sedem
802 3698 994 3762 ordinariam
1017 3699 1112 3784 ptin-

144 3943 190 4009 η)
208 3940 253 3993 lita
273 3960 321 3994 om.
344 3939 432 3996 Vtra,
451 3937 542 3992 utem.
