2528 4522
250 358 253 369 Ι
353 258 551 344 Decretum
577 271 623 353 de
641 271 938 343 .'reiermatioue.·
970 346 974 355 ,
1084 280 1138 367 69

125 469 216 535 tano,
239 462 290 520 seu
312 458 403 522 illius
424 457 522 520 etiam
543 452 664 519 sicario
686 455 720 518 in
742 455 963 541 spiritualibus
985 461 1137 538 generali,

123 542 231 604 aut‘li
260 543 319 605 ille
339 545 444 630 aliqua
467 541 508 604 de
539 546 627 603 eausa
655 545 817 626 suspectus
839 537 938 622 soret,
970 546 1023 605 vel
1055 546 1136 606 ultra

121 627 205 689 duas
231 629 350 707 legales
362 636 394 707 ¹¹)
417 629 520 690 dictas
548 628 654 703 distet,
688 633 740 690 seu
768 629 806 689 ab
835 629 905 712 ipso
940 630 1136 714 appellatum

122 709 246 791 fuerit,
267 716 325 775 uni
348 736 389 777 ex
411 713 622 775 vicinioribus
646 712 823 797 episcopie,
849 720 903 776 seu
926 713 1060 777 illorum
1083 717 1137 777 vi-

120 798 234 879 cariis,
266 821 334 863 nen
365 810 471 863 autem
492 793 706 861 inferioribus
724 796 884 882 judicibus
907 801 1135 864 committatur.

551 959 643 1025 Ger.
663 958 722 1024 III.

118 1070 235 1154 [Aeta
254 1075 392 1160 primae
412 1074 599 1160 instantiae
619 1078 718 1143 intro
739 1075 895 1165 triginta
914 1075 990 1143 dies
1009 1077 1137 1143 dentur

405 1162 526 1247 gratis
551 1185 607 1227 reo
628 1161 853 1250 appellanti]

183 1280 294 1359 Reus,
329 1284 559 1368 abepiscopo,
588 1294 642 1345 aut
662 1284 729 1365 ejus
754 1284 874 1346 vicario
898 1284 932 1346 in
955 1283 1137 1367 spirituali-

118 1369 177 1429 bus
200 1368 365 1449 generali,
394 1369 429 1429 in
452 1371 614 1431 criminali
636 1372 723 1430 causa
745 1370 927 1454 appellans,
945 1389 1065 1452 “coram
1087 1370 1138 1449 ju-

119 1452 201 1529 dice,
222 1453 263 1514 ad
280 1460 374 1539 quern
388 1455 576 1538 appellavit,
601 1453 667 1514 acta
683 1455 805 1538 primas
818 1454 982 1516 instantiae
1003 1454 1136 1514 omnino

122 1537 294 1622 producat:
316 1550 348 1601 et
368 1540 484 1622 judex,
517 1540 578 1602 nisi
598 1540 669 1601 illis
692 1538 787 1618 visis,
807 1538 845 1601 nd
867 1539 937 1621 ejus
958 1539 1136 1603 absolutio·
1218 1543 1224 1551 '

120 1644 194 1686 nem
219 1619 357 1687 minime
380 1624 539 1708 procedat.
592 1621 625 1686 Is
649 1634 773 1698 autem,
801 1645 817 1684 a
848 1647 911 1710 quo
939 1624 1136 1709 appellatum

121 1690 239 1785 suerit,
272 1710 357 1771 intra
381 1711 512 1788 triginta
535 1710 623 1781 dies,
656 1720 723 1771 acta
754 1711 822 1795 ipsa
846 1710 1016 1794 postulanti
1036 1710 1137 1788 gratis

123 1796 293 1856 exhibeat:
316 1796 438 1880 alioqui
460 1800 577 1880 absque
598 1795 683 1871 illis,
707 1803 796 1858 causa
817 1795 1050 1879 appellationis
1075 1793 1136 1855 lru·

124 1878 260 1960 jusmodi
271 1924 288 1965 ,Ι
305 1894 401 1965 prout
422 1879 534 1962 justitia
556 1882 704 1958 suaserit,
726 1880 926 1943 terminetur.
996 1954 999 1959 Ι
1048 1930 1051 1937 .

536 2042 632 2111 Car.
652 2043 715 2108 IV.

131 2162 221 2247 [Qua
242 2165 379 2227 ratione
407 2159 527 2226 clerici
554 2161 593 2225 ob
612 2161 744 2250 gravio
767 2158 918 2226 crimino
938 2159 1052 2251 fucris
1074 2182 1137 2224 ex·
1231 2224 1236 2235 Ι

101 2256 105 2267 ’
520 2245 757 2329 orrctorondi.]

187 2363 266 2429 Gom
289 2387 367 2429 vero
392 2378 455 2430 tarn
474 2369 848 2453 gravianonnumquctn
869 2367 930 2428 lint
950 2364 1077 2445 delicta,
1098 2367 1136 2428 eb

135 2450 332 2514 ecclesiasticis
354 2452 515 2515 commissa
539 2454 702 2538 personis,
732 2465 765 2514 ut
789 2455 829 2514 ob
851 2473 963 2514 eorum
985 2452 1137 2515 atrocita-

136 2546 191 2598 tem
212 2558 231 2600 e
250 2535 294 2616 1⁰)
305 2539 401 2600 sacris
425 2538 591 2602 ordinibus
613 2537 844 2625 deponendae,
877 2549 909 2600 et
935 2538 1044 2603 'curiae
1076 2538 1137 2602 sint
1163 2558 1169 2565 ’

136 2622 293 2684 tradendae
324 2625 495 2686 saeculari:
530 2626 563 2686 in
586 2647 648 2710 quo
672 2621 883 2700 ⁰)lecundutn
912 2627 1015 2686 sacros
1037 2643 1136 2685 cano-

137 2726 184 2769 nes
202 2720 307 2770 certus
337 2710 559 2793 episcoporum
589 2731 741 2773 rrurnerus
770 2709 965 2794 requiritur,
999 2731 1080 2794 quus
1111 2710 1135 2770 fi

139 2812 235 2856 omnes
257 2793 409 2856 adhibere
439 2794 571 2857 difficile
602 2794 696 2872 osset,
731 2795 836 2856 debita
868 2794 948 2876 juris
985 2794 1149 2857 executio

140 2874 336 2940 differretur:·
357 2879 380 2939 fi
403 2881 527 2966 quarrdo
548 2892 654 2943 autem
676 2881 876 2943 intervenire
899 2875 1045 2962 pulsent,
1077 2900 1135 2942 eo-

80 2962 83 2971 '
140 2980 197 3025 rum
227 2963 394 3025 residentia
429 2966 714 3028 intermitteretur:
745 2976 916 3049 propterea
947 2962 1069 3037 statuit,
1102 2975 1136 3027 et

140 3044 281 3110 decrerit:
301 3051 451 3135 episcopo
475 3071 531 3134 per
553 3057 595 3127 se,
615 3049 667 3113 [eu
690 3049 782 3111 illius
803 3049 959 3111 vicarium
980 3050 1015 3109 in
1036 3047 1135 3132 spiri-

140 3131 259 3195 tualibus
276 3135 457 3214 generalem
470 3133 525 3215 Π),
545 3147 654 3199 contra
678 3136 841 3214 clericum,
863 3134 898 3195 in
921 3135 1016 3194 l'acris
1038 3135 1135 3215 etiam

141 3220 363 3302 presbyteratus
395 3221 561 3282 ordinibus
592 3221 811 3298 constitutum,
844 3220 942 3282 etiam
973 3217 1009 3279 ad
1043 3219 1133 3282 illios

141 3302 439 3381 condemnationem,
471 3328 612 3368 necnon
636 3308 797 3368 verbalem
819 3303 1069 3388 depositionem
1104 3318 1135 3367 et

80 3340 88 3461 l
142 3391 337 3474 perseipsum
361 3393 435 3451 etiar
465 3390 534 3465 ,ad
557 3392 734 3474 actualem,
767 3401 861 3477 atque
882 3388 1055 3451 solemnem
1076 3390 1134 3454 de-

80 3488 91 3573 p
142 3471 341 3548 gradationem
362 3477 400 3536 ab
420 3413 495 3561 ipisus
518 3476 702 3558 ordinibus,
730 3487 762 3540 et
783 3475 933 3557 gradibus
955 3475 1134 3538 ecclesiasti-

95 3674 99 3773 ἶ
170 3690 209 3759 10)
229 3709 310 3762 apro
328 3708 344 3746 e
362 3692 437 3747 Rom.
455 3695 496 3750 M.
515 3724 550 3735 -
588 3694 636 3764 11)
654 3695 758 3747 vicario
777 3721 811 3732 -
831 3693 954 3760 generali
973 3693 1031 3750 eud,

96 3798 103 3915 *i
170 3804 196 3870 o)
211 3802 289 3860 Sexti
307 3806 389 3861 Decr.
406 3806 436 3858 L.
454 3816 480 3865 1.
496 3811 539 3860 tir.
559 3815 585 3868 3.
605 3825 628 3859 c.
647 3816 691 3867 11.
709 3811 732 3875 t.
750 3815 776 3867 1.
796 3835 833 3865 -,
866 3810 895 3873 o)
917 3807 960 3860 ct.
979 3808 1063 3860 conc.
1081 3805 1134 3857 Hi-

84 3902 103 3935 ·‚
172 3871 228 3938 lpal.
246 3880 281 3932 tt.
299 3895 324 3929 a.
342 3882 404 3938 619.
421 3895 480 3930 cau.
498 3884 524 3938 6.
543 3877 642 3941 (Morrsr
666 3876 699 3932 T.
719 3876 754 3932 X.
780 3879 898 3945 p1559.)
917 3879 1039 3942 Gratim.
1060 3876 1133 3932 decr.

80 3926 96 4387 l
171 3941 492 4043 1‘.tt·oaot.15.qu.7.
512 3955 564 4010 c.3
583 3949 640 4018 sqq.
667 3949 866 4011 Sextidsoret.
885 3950 915 4004 L.
935 3952 971 4003 V.
992 3953 1132 4040 ttt.9.o.2.
1170 4036 1173 4045 Ι
