2528 4522
93 268 170 362 ¹50
228 273 319 371 App.
344 273 371 345 l.
397 274 444 342 ad
469 273 603 343 Conoil.
629 273 792 343 Trident.
843 273 927 343 sets.
952 273 1000 341 X.

123 470 329 545 congregata,
362 456 611 543 praesidentibus
644 457 680 520 iu
714 477 751 520 ea
778 455 901 520 eisdem
922 457 1043 521 sunctae
1064 453 1137 518 Ro-

122 569 235 614 manae
257 545 403 610 ecclesiae
424 545 655 620 cardinalibus,
676 554 709 606 et
731 544 918 628 apostolicae
937 543 1023 614 sedis
1045 544 1137 622 lege-

121 640 182 712 tis,
215 633 333 707 statuit,
365 641 399 694 et
419 631 580 709 decernit,
611 630 778 694 sessionem
809 629 929 715 ipsam,
961 650 1055 715 quam
1077 629 1136 690 bac

123 721 194 796 die,
220 717 356 782 secunda
378 717 492 780 menfis
514 715 624 794 Junii,
653 715 828 801 praesentis
848 716 943 790 anni,
972 715 1137 777 millesimi

115 803 373 893 ¹quingentesimi
395 803 623 888 quadragesimi
643 801 788 887 septimi,
804 803 961 864 celebrare
984 800 1138 863 decreve-

120 904 188 967 rat,
211 891 250 953 ad
272 889 359 951 diem
376 886 489 967 toris,
517 889 584 974 post
603 883 713 951 fedum
734 886 914 950 nativitatis
935 888 1045 949 beatae
1065 884 1138 947 Me-

122 980 189 1039 riae
212 976 376 1055 virginis,
391 996 471 1060 quae
490 974 553 1037 erit
574 973 694 1036 decima
717 974 827 1059 quintu
850 973 962 1036 mentis
984 967 1138 1056 Septem-

122 1064 207 1137 btis',
232 1063 383 1148 proxime
405 1057 527 1137 suturi,
557 1060 660 1146 quoad
682 1057 891 1144 praedictas,¹
912 1069 944 1120 et
963 1059 1044 1119 alias
1066 1065 1138 1120 rriu-

121 1149 217 1210 terias
238 1144 472 1230 expediendas,
502 1144 729 1222 differendam,
751 1156 783 1206 et
803 1143 1041 1230 prorogandam
1062 1140 1138 1218 esse,

122 1230 392 1320 quemadmodum
413 1231 540 1307 differt,
569 1244 602 1293 et
621 1223 790 1317 prorogat:
827 1233 871 1293 ita
892 1242 1018 1305 tamen,
1051 1227 1138 1315 quod
1178 1249 1182 1255 ·

124 1319 306 1404 prosecutio
327 1316 537 1394 discussionis,
556 1329 589 1379 et
601 1314 864 1393 examinationis,
886 1327 951 1377 tam
966 1313 992 1394 ¹)
1015 1334 1137 1391 eorum,

121 1425 201 1489 quae
224 1403 263 1465 ad
289 1403 457 1483 dogmata,
490 1424 583 1488 quem
611 1403 650 1465 ed
681 1396 943 1465 reformationem
963 1403 1138 1486 pertinent,

118 1490 252 1551 interim
273 1510 340 1557 uon
363 1489 550 1551 omittatur:
573 1499 605 1551 et
626 1489 798 1551 terminum
816 1490 921 1574 ipsum
943 1486 1012 1573 ipsa
1034 1489 1140 1549 sancta

120 1571 279 1654 synodus,
302 1594 359 1657 pro
382 1573 449 1656 ejus
473 1575 588 1651 libito,
621 1589 653 1637 et
676 1576 863 1651 voluntate,
892 1574 988 1637 etiam
1015 1573 1050 1634 in
1071 1570 1140 1657 pri-

120 1672 194 1721 vata
226 1662 495 1738 congregatione,
531 1661 731 1737 abbreviare,
767 1674 798 1724 et
830 1678 1005 1746 prorogare
1037 1659 1140 1721 libero

25 1746 32 1755 ’
122 1746 238 1830 possit,
259 1755 292 1807 et
319 1745 434 1809 valeat.

184 1939 212 2003 2)
230 1937 379 1990 Reverendr'
391 1918 528 2009 praelati,
548 1937 595 2010 qui
612 1935 798 2009 interfuerunt
819 1934 933 1988 decimae
944 1929 1071 2005 Jesstom'.

192 2044 463 2097 Praesidentccr
482 2044 560 2097 iidem
580 2046 624 2112 qui
643 2047 667 2096 in
687 2044 743 2098 soff.
761 2044 809 2100 IX.
846 2039 1139 2113 Archiepiseopir

120 2116 301 2169 Antibarenfls.
326 2117 497 2182 Corcyrensm.
524 2117 707 2168 Motereneutia
737 2123 763 2168 et
781 2116 977 2169 Acheruntinm.
997 2112 1138 2166 Nuxieude.
1167 2160 1170 2165 .

121 2187 274 2253 Upsblcnsis.
301 2188 484 2241 Armacbenm.
537 2187 719 2255 Episcopi:
745 2187 894 2241 Asculanos.
915 2185 1061 2239 Festrentie.
1088 2189 1139 2237 Ao-

120 2259 216 2313 cientie.
243 2260 390 2313 Milcteusie.
411 2260 582 2311 Bononiensis.
609 2258 787 2314 Aesernientis.
813 2259 981 2312 Sibiuicenfis.
1003 2258 1139 2309 Grossetn-

120 2346 176 2384 nm.
207 2329 365 2383 Chironenfie
395 2338 422 2383 et
448 2331 673 2399 Misopotanrenua.
698 2331 878 2396 Majoricentis.
905 2330 1035 2398 Aqueofia.
1055 2328 1139 2380 Sebo-

63 2420 67 2430 =
121 2403 212 2456 steusrs.
248 2396 372 2455 Soranus.
400 2403 563 2455 Vasionense.
597 2403 753 2454 Motuloum.
783 2403 944 2455 Parentium.
974 2399 1137 2454 Pisaureuoc.

121 2472 303 2523 Mothonenfia.
329 2474 477 2526 ieracensis.
503 2475 667 2531 solutionum.
693 2475 839 2527 Miletenfis.
864 2473 1068 2525 Thermusamm.
1088 2473 1138 2522 Co-

121 2544 286 2610 prusonenfis.
304 2544 484 2608 vigorniensis.
504 2545 689 2596 Cevessicensre.
713 2544 870 2597 Bituutinue.
891 2544 1055 2596 Corsulanua.
1075 2543 1137 2594 Res-

120 2614 274 2665 licastrenfis.
304 2614 453 2666 Venufinm.
478 2614 682 2667 Britonorienfis.
708 2617 891 2681 Aquinatenfia.
911 2616 1137 2680 Famaugostauoa.

123 2684 283 2735 Lareiteusie·
314 2685 434 2738 blileufis.
464 2683 603 2753 Alpbanue.
631 2687 798 2742 Minorieufia.
855 2689 983 2739 abbae:
1009 2684 1135 2752 Chrysost.

121 2756 315 2806 Gimitianenfia.
333 2756 485 2809 Genera!
497 2773 531 2809 ee
557 2757 727 2811 ordinum:
757 2758 900 2813 Rouavent.
920 2744 989 2812 Piue'
1001 2763 1028 2809 et
1047 2761 1136 2824 Augu-

121 2827 198 2878 stium
216 2827 357 2881 Bonuciue.

185 2916 251 2980 Die
274 2916 377 2980 XIV.
401 2918 566 3005 Septemb.
587 2919 633 2984 M.
653 2919 694 2986 D.
717 2919 863 2986 XLVII.
896 2921 930 2984 in
962 2943 1138 3004 congrega-

121 3005 210 3066 tione
234 3005 395 3084 generali,
417 3004 602 3080 Bononiae,
638 3021 806 3093 prorogata
830 3004 892 3070 tuit
913 3010 1024 3086 sessio,
1059 3030 1137 3095 quae

121 3085 228 3151 sutura
250 3103 318 3152 erat
339 3091 392 3153 die
413 3093 567 3178 sequenti,
589 3093 627 3154 ad
650 3096 885 3180 beneplacitum
903 3095 982 3158 sacri
996 3094 1137 3157 concilii.

121 3196 148 3259 ὃ)
168 3196 296 3253 Nomina,
314 3197 485 3266 cognomino,
511 3198 664 3268 nutricant
681 3200 830 3272 dignitates
855 3200 1006 3272 legatorum
1023 3210 1051 3252 et
1069 3199 1139 3261 olio-

10 3278 12 3282 ‘
99 3274 180 3316 'rum
194 3277 321 3334 potrum,
340 3270 404 3321 item
422 3278 558 3322 oratorum
576 3280 604 3320 et
623 3272 818 3343 theologorum,
850 3274 898 3345 qui
920 3273 969 3323 unr'
986 3271 1030 3324 vel
1049 3262 1138 3341 pstc'ri-

121 3333 185 3400 bua,
195 3335 247 3404 seu
266 3340 389 3395 aturribus.
408 3342 494 3393 decem
515 3340 650 3451 pagoribuc
676 3343 840 3416 (esfionibuo
857 3344 961 3397 concilii
983 3341 1139 3411 Tridentini,

126 3452 568 3471 m

75 3512 78 3517 ¹
154 3525 256 3666 garseae
273 3536 411 3598 transpon.
423 3559 428 3567 ·
433 3531 496 3601 post
512 3548 580 3631 quae
596 3535 637 3588 R
656 3535 745 3629 ¹Vot.'=‚
768 3536 843 3590 Rom.
862 3536 918 3592 M„
940 3534 1014 3631 Did,
1041 3539 1137 3604 Hand,

155 3707 185 3773 ι)
202 3708 246 3760 ex
263 3709 373 3766 conen.
392 3711 475 3768 rann.
496 3717 529 3768 r.
548 3718 626 3772 xrv.
653 3736 679 3786 u.
698 3694 751 3781 789¹
781 3720 818 3790 sq:
844 3730 895 3761 -·
926 3722 953 3788 a)
972 3677 1086 3776 rex-aar.
1102 3690 1136 3775 'ar

124 3840 131 3855 κ
154 3778 228 3849 Aug.
254 3780 362 3837 Massur.
388 3797 415 3836 et
441 3787 503 3842 Joa.
530 3789 706 3845 Curtenbros.
731 3793 825 3859 script.
853 3795 937 3860 Apud
960 3790 1136 3849 biarterr.³'l'.

126 3880 129 3885 ·
156 3851 233 3909 Vnt.
247 3853 360 3910 coneo.
378 3873 502 3913 rnorrum.
522 3869 639 3926 p.1137.
658 3864 785 3928 Adjectae
805 3864 867 3916 suut
877 3866 990 3917 notulae
1008 3877 1036 3917 et
1053 3883 1135 3934 (μειο-

142 3920 217 4015 xdatu
231 3929 344 3979 uomina
363 3945 398 3981 ex
417 3927 551 3999 supplem.
569 3933 653 3988 indic.
673 3948 752 3990 cone.
771 3924 1037 4000 redonemur.
1057 3943 1148 4000 1754„

934 4018 950 4055 u
