2528 4522
309 226 506 334 Decretum
530 263 577 334 de
601 220 878 352 reformatione..
1016 280 1089 362 199
1111 251 1120 271 ⁶

85 439 305 523 tlredrelibue,
325 455 358 509 et
377 446 556 528 collegiatis
578 445 736 511 decretum
757 448 813 510 lub
835 441 892 511 fet.
916 446 1089 517 rec-Paulo

86 527 170 605 ttl.,
201 530 285 614 quod
315 532 450 618 incipit,
482 529 507 616 i)
525 531 690 616 Capitale
722 528 993 606 cathedralium,
1029 537 1111 617 obf..

85 615 229 676 servetur
248 637 312 676 non
332 618 453 694 l'olum,
475 619 598 703 quando
621 616 787 702 episcopus
809 617 1002 692 vifiteverit3
1034 617 1087 684 l'ed

86 710 118 763 et
142 699 333 783 quotiesex
354 702 481 776 officio,
504 704 554 764 vel
577 700 615 763 ad
639 703 827 785 petitionem
848 702 989 785 alicujus,
1011 726 1090 768 oon·

10 788 12 792 '
85 798 131 844 tra
152 785 289 869 aliquem
319 807 360 847 ex
387 789 547 849 contentis
577 788 611 848 in
642 787 729 848 dicto
750 786 897 864 decreto,
923 789 1089 870 procedat:

83 869 275 944 irritamen,
298 882 349 946 ut,
377 893 447 934 cum
469 882 558 934 extre
580 872 792 933 vifitetionern
816 871 1007 957 procellerit,
1036 875 1090 938 itt·

83 951 250 1037 srefcripte
271 958 379 1017 ornnie
400 959 504 1019 locum
526 958 681 1021 habeant:
709 957 877 1030 videlicet,
908 969 942 1019 ut
964 957 1090 1042 ca'pitu-
1144 997 1145 1003 κ

83 1040 151 1101 lum
174 1041 271 1101 initio
293 1042 459 1122 cujuslibet
479 1042 557 1104 enni
578 1043 674 1122 eligat
696 1062 738 1103 ex
753 1042 897 1128 capitulo
919 1037 1021 1105 duoe:
1050 1044 1091 1107 de.

85 1145 219 1210 quorum
240 1127 391 1203 confilio,
425 1138 456 1188 et
479 1126 598 1189 ail'ensu
620 1127 811 1252 episcopus,
840 1127 892 1188 vel
913 1128 980 1207 ejus
1002 1129 1095 1191 vium.

83 1211 174 1290 rius,
204 1222 268 1272 tem
290 1211 323 1272 in
347 1209 515 1275 lorrnendo
539 1211 712 1296 procellurn
743 1207 782 1294 ὅ),
805 1233 897 1298 quern
919 1213 953 1272 in
974 1214 1089 1292 ceterie

86 1295 235 1357 erunibus
257 1295 376 1357 actibus
399 1298 555 1381 usquead
586 1299 682 1359 finem
704 1303 813 1360 caulae
833 1298 1003 1373 inclulive,
1031 1320 1114 1367 co·.
1177 1357 1189 1373 ,

84 1401 152 1442 rem
174 1383 301 1441 noterio
325 1392 431 1450 iernen
451 1382 549 1465 ipsius
570 1381 732 1466 episcopi,
761 1394 794 1443 et
826 1382 861 1444 iu
894 1381 961 1460 ejus
980 1382 1090 1459 derne,

83 1476 138 1527 eut
158 1468 308 1527 consueto
331 1469 483 1529 tribunali
505 1467 674 1550 procedere
701 1479 850 1532 teneatur.
904 1450 1009 1528 Uien
1031 1454 1089 1531 ad·-

85 1558 150 1617 lem
166 1559 289 1612 tentum
307 1551 348 1631 *fir
370 1552 541 1636 utriusque,
554 1563 686 1626 rotetur
719 1554 876 1636 pellitque
905 1552 987 1613 ulter
1015 1554 1091 1635 epi-

82 1637 179 1720 scopo
203 1634 360 1698 accedere.
414 1633 513 1718 Quod
528 1637 676 1707 deutha
699 1640 744 1705 eb,
757 1637 906 1721 epil'copo
927 1632 1089 1701 discordee

82 1718 119 1783 5¹¹
143 1720 251 1805 ³¹quss
274 1732 363 1794 ³⁰¹⁰,
390 1720 440 1783 10⁰
463 1720 803 1796 interlocutorie,2vel
826 1721 993 1785 definitive
1015 1725 1090 1785 leu-

83 1807 184 1868 tertie
205 1801 348 1881 fuerint,
373 1817 445 1869 tunc
468 1808 551 1869 intre
569 1805 758 1877 lemdierum
777 1806 995 1890 spatiumoum
1015 1807 1090 1891 epi·

82 1893 180 1974 scopo
202 1892 330 1953 tertium
353 1893 481 1969 eligant.
532 1890 573 1953 Et
600 1892 627 1954 -li
646 1893 682 1961 in
703 1895 860 1955 electione
881 1892 1091 1970 territerinn,

82 1974 289 2051 discordent3
319 1974 357 2038 ad
382 1974 571 2039 viciniorem
591 1979 909 2062 episcopum-electio
929 1975 1088 2039 devolvu-

82 2071 156 2137 terr
181 2071 213 2123 et
231 2061 320 2143 juxta
343 2082 412 2124 earn
433 2073 573 2146 partem,
599 2085 678 2133 ¹cum
694 2083 755 2148 que
774 2063 889 2123 tertius¹
908 2063 1089 2138 conveniet,

82 2146 256 2220 articulus,
279 2146 314 2207 in
326 2152 396 2231 'quo
410 2157 477 2207 eret
490 2146 658 2218 discordia,
678 2145 885 2208 terminetur:
907 2147 986 2206 alies
1009 2167 1111 2228 pro-¹

82 2229 201 2306 celsus,
232 2230 361 2303 etinde
381 2224 482 2295 lecute
505 2230 590 2299 nella
614 2231 689 2306 fint,
722 2231 893 2314 nullosque
915 2229 1092 2311 producant,

78 2316 161 2399 jurio
184 2313 334 2387 effectus,
375 2311 465 2391 ¹⁸)-ln-
477 2314 663 2392 criminibus
695 2325 798 2386 tumen
821 2334 862 2376 ex
882 2313 1087 2374 incontinen-

81 2402 127 2463 tia
150 2399 430 2483 provenientibus,
462 2395 502 2458 de
534 2419 595 2482 qua
629 2400 664 2460 in
686 2397 811 2476 decreto
834 2399 872 2458 de
894 2396 1088 2460 concubine·

79 2485 164 2560 riis,
185 2494 216 2545 et
238 2485 272 2544 in
294 2479 504 2545 atrociorilfus
527 2482 673 2563 delictis,
693 2483 938 2568 depolitionem,
958 2494 1010 2544 aut
1029 2481 1087 2545 de·

81 2569 302 2648 gradationem
325 2568 578 2652 requirentibus,
604 2569 659 2630 ubi
693 2568 732 2630 de
763 2564 837 2647 fuga
867 2568 1011 2642 timetur,
1045 2586 1087 2631 ne

79 2653 232 2738 judicium
251 2651 406 2730 eludatur,
427 2662 460 2714 et
480 2650 553 2714 ideo
569 2673 650 2738 opus
665 2653 703 2714 fit
718 2653 876 2738 personali
890 2652 1087 2728 detentione,

80 2737 177 2825 pellit
200 2739 296 2801 initio
321 2739 408 2800 solus
430 2737 595 2822 episcopus
626 2736 664 2798 ad
693 2740 893 2801 summarium
926 2735 1086 2811 informa-

59 2826 224 2904 tionem,
255 2835 288 2884 et
318 2821 521 2884 neceilariom
552 2823 768 2886 detentionem
796 2819 987 2906 procedere:
1019 2824 1087 2883 ser·

80 2918 158 2970 veto
190 2922 295 2986 tamen
327 2909 361 2968 in
388 2907 521 2991 reliquis
550 2908 663 2969 ordine
685 2905 866 2992 preemillo.
905 2902 943 2966 Iu
978 2906 1086 2967 onini-

83 2994 141 3055 bue
166 3006 270 3055 autern
292 2992 407 3053 colibus
429 3012 465 3052 ee
489 2991 565 3052 ratio
591 2991 763 3070 habeatur,
785 3002 818 3053 ut
839 2991 926 3071 juxta
948 2988 1086 3073 qualite-

46 3134 48 3138 .
82 3089 148 3140 tem
171 3079 303 3153 delicti,
325 3097 360 3136 ac
384 3080 609 3162 personarum,
631 3075 853 3162 delinquentes
876 3074 935 3158 ipli
953 3075 987 3133 in
1009 3074 1084 3134 loco

43 3187 48 3197 ⁴
82 3162 205 3225 decenti
237 3161 465 3224 custodientur,
517 3158 684 3247 Episcopis
718 3171 877 3246 praetereat
911 3157 1027 3241 ubique
1056 3158 1086 3219 is

82 3248 189 3310 honor
209 3248 383 3321 tribuatur,
416 3247 472 3330 qui
503 3235 615 3308 eorurri
634 3244 784 3324 dignitati
806 3263 863 3328 par
883 3240 940 3318 eii,
973 3242 1086 3328 eisque

21 3336 25 3343 ’
83 3333 117 3395 in
140 3334 258 3410 choro,
289 3343 322 3393 et
351 3331 386 3392 in
408 3331 565 3415 capitulo,
597 3331 632 3392 in
654 3330 917 3416 procesfionibus,
950 3336 982 3388 et
1010 3327 1085 3388 eliis

82 3418 202 3478 actibus
224 3415 360 3502 publicis
381 3415 418 3475 fir
437 3415 539 3499 prime
560 3413 662 3492 ledes,
683 3428 715 3478 et
739 3417 844 3488 locos,
865 3433 958 3496 quern
972 3408 1086 3497 14)iptt

82 3503 255 3582 elegerint,
280 3512 311 3563 et
334 3499 502 3585 praecipua
524 3502 668 3564 omnium
690 3521 795 3564 rerum
816 3496 1005 3582 agendarum
1028 3517 1087 3559 eu·
1150 3490 1160 3507 ⁸

80 3612 520 3630 -a--n———d—

81 3692 89 3713 ι
117 3670 166 3734 13)
184 3666 307 3735 procelle
329 3665 413 3733 Virit,
431 3665 524 3718 Rheni.
542 3688 579 3704 ·-
614 3661 662 3728 14)
680 3678 762 3731 qtram
780 3659 854 3710 euerl.

95 3780 100 3787 ’
116 3785 138 3851 i)
157 3781 222 3836 sert.
234 3784 283 3835 Vl.
301 3782 334 3834 de
359 3781 474 3834 reform.
492 3795 515 3830 c.
534 3785 560 3838 4.
579 3775 616 3831 ci.
635 3775 786 3830 Settxttt.
802 3776 836 3828 de
855 3773 968 3828 reform.
986 3775 1085 3831 ott.—

117 3855 148 3920 Ιι)
171 3855 235 3922 Hui.
254 3851 314 3907 tetr.
322 3852 417 3907 XXV.
434 3851 469 3903 de
486 3847 599 3903 reform.
618 3853 695 3908 etit.
714 3846 781 3902 sert.
798 3847 902 3902 XXlV.
920 3838 1084 3898 derelorm.

117 3927 322 3985 matrimes.
408 3939 419 3946 ··
