2528 4522
116 247 193 319 332
347 230 440 329 App.
464 230 508 302 Π.
533 232 579 303 ed
601 229 747 303 Proseis.
772 231 884 343 Fidei.

23 482 26 493 ,
121 418 258 495 debitur,
279 415 375 504 possit
389 411 560 500 providere
571 412 766 500 privilegiis,
780 411 973 491 concordiis,
987 411 1135 476 tracteti-

119 508 179 570 bue
202 506 299 567 etiam
318 502 491 565 ‘uramento
504 503 652 581 firmatis,
672 512 704 563 et
719 499 855 562 indultis
867 501 922 561 sub
934 520 1133 586 quacumque

119 593 291 655 verborum
302 525 408 650 sermo
419 589 592 671 conceptis,
615 587 730 675 quovis
742 585 838 648 modo
850 595 882 647 et
893 587 1007 672 quevis
1019 598 1133 647 aucto-

119 678 213 739 ritate
233 673 439 758 approbetis,
467 684 500 736 et
520 674 594 734 eliis
616 672 782 758 quibusvis
804 672 839 734 in
861 672 1060 734 contr-urium
1082 665 1134 732 se-

119 761 296 835 cientibus,
327 757 448 821 etiemsi
474 778 586 822 eorum
617 759 739 822 mentio
771 755 939 819 individue
970 755 1052 819 esset
1072 756 1135 817 ha-

119 844 240 918 bende,
278 864 412 930 quorum
441 844 586 907 omnium
619 855 652 906 et
682 844 875 923 singulorum
906 855 1036 904 tenores
1071 862 1132 927 pro

120 930 273 1017 expressis
303 929 415 991 haberi
441 930 530 1005 vult,
562 952 630 992 non
659 928 847 993 obstantibus
869 930 1133 1014 quibuscumque.

119 1013 159 1080 In
182 1014 326 1078 Ecclesiis
360 1016 396 1076 in
426 1016 540 1101 quibus
566 1015 731 1091 statutum,
763 1015 971 1099 privilegium
995 1024 1051 1075 eut
1073 1011 1135 1073 elia
1176 1080 1179 1093 Ι

120 1103 254 1190 quaeris
278 1100 432 1171 concessio
452 1103 507 1163 seu
530 1100 724 1164 consuetudo
746 1102 854 1178 viget,
880 1110 917 1160 ut
937 1099 1049 1161 nullus
1074 1096 1135 1160 uisi

120 1190 161 1251 de
182 1186 306 1268 gremio
335 1183 438 1249 dictee
455 1184 609 1251 Ecclesiae
636 1186 771 1266 eligetur
793 1182 992 1269 Episcopus,
1020 1183 1135 1245 decre·

120 1273 172 1336 vit
192 1273 296 1335 sancte
321 1270 482 1351 synodus,
502 1282 539 1333 ut
557 1272 595 1335 iu
613 1269 709 1334 dictis
729 1268 875 1332 Ecclesiis
895 1290 991 1331 nemo
1012 1269 1051 1331 in
1073 1290 1136 1351 po-

120 1358 234 1421 derurn
255 1358 351 1421 etiam
373 1356 413 1418 de
427 1358 551 1436 gremio
573 1357 651 1436 eligi
676 1354 779 1441 possit,
799 1357 854 1442 qui
875 1353 1049 1416 [ludicrum
1064 1351 1138 1415 Ma-

121 1443 232 1524 gibet,
259 1443 325 1506 sive
347 1440 485 1519 Ductor,
514 1452 568 1504 aut
586 1441 782 1505 Licentietus
803 1445 840 1502 in
863 1445 947 1503 sacre
969 1439 1136 1517 theologia

122 1529 178 1591 vel
208 1529 277 1610 jure
306 1529 459 1590 canonico
484 1548 551 1589 uon
580 1526 707 1602 existet,
743 1536 796 1587 eut
826 1527 969 1611 publicae
1001 1525 1136 1606 alicujus

120 1610 312 1676 Academiae
334 1611 514 1673 testimonio
534 1608 670 1674 idoneus
698 1609 736 1673 ed
764 1612 847 1673 elios
869 1609 1050 1674 edocendos
1070 1631 1139 1671 non

122 1697 317 1771 ostendetur,
335 1696 535 1778 privilegiis,
562 1696 697 1770 statutis,
730 1695 979 1759 concessionibus
1001 1708 1035 1757 et
1056 1716 1138 1756 con-

120 1780 288 1844 suetudine
308 1779 554 1842 immemorabili
574 1782 823 1866 quibuscumque
844 1803 912 1843 non
932 1780 1138 1845 obstantibus.

185 1863 230 1927 ll.
247 1863 441 1941 Multorum,
497 1865 530 1925 ui
556 1863 640 1928 inE
666 1866 792 1950 iscopos
812 1867 958 1952 promoti
977 1866 1070 1942 sunt,
1100 1886 1138 1928 ea

123 1952 217 2034 saepe
237 1949 434 2030 negligentis
468 1886 734 2034 deprehenditur,
772 1961 806 2013 ut
838 1953 923 2013 intre
951 1952 1138 2031 legitimum

122 2046 251 2121 tempus
271 2034 447 2097 consecrari
468 2036 663 2111 omittendo,
686 2035 850 2120 variisque
875 2036 994 2099 artibus
1016 2059 1139 2122 proro-

122 2121 269 2201 gationes
288 2120 529 2206 extorquendo,
561 2121 691 2185 interim
719 2120 826 2184 debito
857 2121 1059 2186 commissum
1082 2121 1140 2183 fibi

122 2208 281 2293 populum
302 2206 476 2269 ministerio
499 2202 642 2269 fraudere
671 2228 737 2269 non
765 2218 926 2271 verentur.
980 2206 1139 2292 Quapro-

66 2288 71 2297 '
123 2304 196 2377 pter
217 2313 289 2354 curn
318 2293 396 2354 elias
423 2295 479 2354 sub
500 2289 589 2354 lulio
611 2289 671 2354 Ill.
693 2286 799 2354 felicis
821 2293 1056 2355 recordationis
1079 2294 1139 2356 sle-

123 2389 229 2438 tutum
251 2374 371 2455 suerit,
402 2399 443 2438 ne
472 2378 524 2438 cui
551 2379 797 2461 prorogationes
820 2379 912 2439 ultre·
932 2378 988 2441 sex
1010 2384 1139 2442 menses

123 2464 388 2541 suffragarerrtur3
420 2466 520 2524 sancte
550 2463 699 2542 Synodus
725 2463 881 2537 declarat,
914 2484 967 2526 ees
988 2487 1056 2528 non
1080 2467 1140 2527 nisi

123 2567 166 2610 ex
187 2567 301 2624 magne
322 2557 354 2607 et
375 2550 503 2624 urgenti
522 2551 610 2608 cause
632 2546 670 2608 ed
692 2545 795 2611 dictos
816 2549 871 2611 sex
892 2553 1017 2611 menses
1038 2565 1069 2612 et
1085 2555 1139 2612 se-

123 2632 190 2694 mel
210 2641 335 2692 tentum
355 2630 487 2692 concedi
510 2629 643 2693 debere:
674 2630 823 2719 dictoque
851 2644 998 2717 tempure
1018 2636 1139 2722 elapso,

122 2720 197 2780 suos
225 2713 346 2776 fructus
373 2735 442 2777 non
472 2712 593 2792 secere,
627 2716 816 2780 collationes
840 2721 1068 2784 beneficiorum
1096 2724 1134 2783 ab

123 2803 173 2865 eis
196 2801 438 2886 quomodolibet
460 2795 558 2864 sectas
587 2803 800 2881 nutscelle,
836 2816 930 2888 atque
960 2808 1031 2888 ipso
1066 2808 1136 2888 jure

52 2942 56 2955 ,
123 2890 242 2972 ubsque
263 2887 325 2948 elin
342 2885 524 2949 monitione
536 2888 733 2951 ecclesiastice
751 2891 916 2972 privatum
935 2890 1010 2953 else.
1047 2890 1138 2955 Gon-

122 2973 256 3036 secrntio
277 2993 355 3035 vero
376 2972 399 3033 si
420 2984 511 3035 extra
535 2972 713 3037 Romanam
735 2973 862 3036 Curiam
888 2975 950 3037 erit
980 2973 1137 3054 socienda,

123 3068 199 3121 tunc
219 3060 254 3120 in
275 3056 410 3120 Ecclesia
439 3058 477 3120 ad
503 3081 595 3145 quam
617 3072 784 3144 promotus
815 3055 930 3136 suerit,
963 3062 1043 3124 siin
1068 3066 1136 3146 ejus

125 3143 287 3220 Dioecesi,
307 3153 492 3228 peragatur:
529 3146 659 3230 quodsi
690 3146 852 3209 necessitas
881 3149 987 3232 alique
1010 3149 1044 3210 id
1066 3171 1136 3212 non

125 3230 281 3312 patiatur,
303 3232 412 3291 sellem
435 3229 520 3290 intra
540 3231 740 3314 provinciam
762 3234 948 3294 celebretur.

190 3312 247 3379 lll.
270 3312 400 3398 Quente
422 3335 492 3376 cura
514 3336 625 3377 suenus
658 3317 896 3399 impositionem
928 3316 1002 3379 sieri
1034 3336 1138 3399 opor-

124 3407 207 3469 tcut,
236 3399 328 3462 docet
350 3396 522 3484 Apostolus
542 3400 671 3463 dicens:
703 3399 733 3484 *)
745 3397 892 3465 Nemini
920 3401 988 3464 cito
1010 3422 1137 3463 manus

125 3479 342 3564 imposueris.
360 3482 393 3547 Α
405 3507 464 3570 qua
478 3488 548 3565 lege
559 3509 629 3547 cum
640 3488 734 3565 longe
749 3486 916 3550 discessum
930 3483 1038 3562 suerit,
1059 3486 1136 3547 dum

125 3563 278 3650 Episcopi
296 3569 466 3632 ordinandi
491 3594 594 3634 curem
613 3570 753 3634 Clericus
774 3575 944 3657 praecipue
966 3578 1038 3635 suae
1057 3571 1135 3633 sidei

127 3650 309 3715 commissos
332 3677 389 3735 per
413 3658 495 3719 ulios
515 3655 692 3742 Episcopus
712 3661 854 3720 exerceri
875 3670 1058 3742 procurant,
1080 3659 1135 3743 qui

126 3759 202 3801 non·
215 3758 294 3824 quse
315 3736 386 3801 lesu
408 3738 542 3819 Christi,
563 3743 616 3806 sed
638 3747 905 3808 mercenariorum
925 3766 1033 3824 ruore,
1057 3764 1135 3830 quoe

130 3862 168 3874 Ἀ-
180 3865 318 3873 a—-u--u—-n
334 3865 400 3872 ...-...„
430 3864 435 3873 3
548 3870 569 3878 Δ.

163 3921 190 3991 ⁸)
210 3932 225 3982 1
245 3924 320 3977 Τὶιιι.
339 3929 371 3989 5,
387 3933 424 3976 re.
