2528 4522
90 294 94 301 ,
251 261 330 345 ’,ΒΘ
356 262 641 362 regulanbus-et
664 262 889 338 monialibus.
917 278 924 295 ·’
953 231 956 236 ¹
1016 221 1117 360 19s¹

81 445 207 535 priores
223 445 290 532 2⁰),
325 451 383 540 qui
412 444 648 520 correctiones,
686 452 719 506 et
752 442 919 529 spirituale
947 446 1093 528 regimen

83 545 252 612 exercent,
294 557 312 600 s
341 534 488 621 capitulis
513 529 730 611 generalibus,
757 532 817 591 vel·
834 531 975 616 ipsorum
1003 536 1095 598 ordi-

83 642 159 682 num
174 622 387 685 visitatoribus
397 620 609 682 instituantur.
651 611 815 677 In'udseris
832 619 981 680 omuibus
997 642 1092 704 pree-
1141 624 1143 631 ’

82 701 224 767 loturum
243 709 397 773 ,ordinum
420 702 611 790 privilegis,
633 711 664 761 et
687 694 873 775 facultates,
904 725 982 788 quae
1003 707 1093 791 ipso-

83 804 156 857 rutn
178 789 337 874 personas,
357 795 449 868 lure,
470 788 588 870 ‹st-jura
609 786 823 865 concernunt,
844 788 936 852 firrna
956 793 1037 874 tina,
1058 805 1092 858 et

83 875 205 940 illaeso.
530 879 531 883 ’

467 1045 555 1113 esar.
579 1043 683 1110 XXI.

83 1168 320 1258 [Munusteriio
328 1165 584 1258 prospiciuntur
598 1167 750 1259 religinfi
761 1154 914 1256 ejusdem
933 1169 1097 1258 ordinis]

151 1302 230 1367 Cum
254 1307 403 1390 pleraque
425 1303 625 1373 mostellaria,
647 1300 792 1382 vletiam
812 1284 981 1383 abbatiae,
1000 1309 1096 1394 prin-

87 1401 191 1467 resus,
226 1403 258 1451 et
287 1390 519 1474 praepositurae
540 1409 583 1449 ex
604 1389 687 1449 rnula
709 1409 840 1461 eorum,
870 1393 984 1476 quibus
1007 1416 1094 1458 oom-

41 1534 48 1547 ,
86 1474 177 1539 nuilla
198 1472 344 1550 suerunt,
377 1473 646 1535 administratione
675 1494 740 1534 non
763 1475 952 1561 leviapuffe
975 1473 1097 1543 luerint
1210 1496 1215 1504 ‘

87 1572 151 1624 tarn
168 1564 201 1622 in
224 1559 451 1644 spiritualibus,
474 1579 567 1642 quam
585 1554 631 1634 21)
642 1561 868 1642 temporalibus
885 1561 1097 1639 detrimenta3

85 1646 174 1730 cupit
194 1649 296 1709 sancta
318 1643 459 1724 synodus
473 1664 518 1705 ea
539 1641 579 1703 sd
600 1663 773 1723 congruam
801 1647 985 1710 munsllioae
1008 1651 1097 1714 vites

88 1731 290 1815 disciplinam
312 1731 446 1805 omnino
468 1748 630 1791 revocare.
675 1728 797 1793 Verum
818 1730 897 1793 adeo
920 1732 1006 1811 dura,
1027 1731 1098 1795 dis-

88 1817 245 1902 ficili'sque
272 1815 312 1877 est
342 1814 556 1899 praesentium
577 1824 758 1898 temporum
785 1816 945 1893 conditio,
982 1833 1015 1881 ut
1037 1842 1097 1884 uec
1205 1830 1213 1843 “

86 1902 187 1963 [latim
211 1902 462 1976 erunibus„nreo
491 1920 657 1962 commune
686 1902 819 1986 ubique,
853 1905 936 1987 quud
961 1916 1098 1988 optaret,

86 1988 264 2049 remedium
286 1986 384 2070 possit
402 1985 572 2046 adhiberi:
602 1995 636 2045 ut
658 1995 764 2047 tamen
786 1987 871 2049 nihil
893 1992 1099 2071 praetermit-

85 2083 142 2147 tat,
166 2072 247 2135 unde
269 2071 440 2154 praedictis
463 2069 627 2133 sulubriter
646 2070 815 2155 aliquando
835 2073 1001 2156 provideri
1022 2077 1101 2160 pol·

86 2157 142 2229 sit·;
179 2159 317 2241 primum
338 2155 466 2240 quidem
487 2154 635 2229 confidit,
666 2155 945 2237 sancusfimurnw)
975 2158 1099 2224 Ruma-

87 2264 166 2306 num
188 2241 374 2324 pontificem
403 2259 463 2322 pro
486 2242 539 2299 sua
561 2239 698 2320 pietate,
726 2251 756 2300 et
779 2242 947 2325 prudentia
970 2258 1099 2309 curatu-

87 2349 185 2401 rum,
212 2335 363 2410 quantum
393 2324 470 2384 baec
493 2333 637 2405 tempora
667 2319 751 2385 ferre
780 2325 867 2409 posse
891 2328 1030 2408 viderit,
1063 2342 1099 2395 ut

88 2414 150 2488 iis,
175 2431 254 2495 quae
276 2429 359 2471 nuuc
380 2406 596 2486 resumendum
619 2409 838 2492 reperiuntur,
866 2423 899 2474 et
922 2408 1005 2498 quae
1024 2419 1099 2481 suos

89 2495 427 2570 consensushsbent,
447 2492 610 2571 regulares
631 2494 793 2576 personae,
813 2497 952 2578 ejusdem
973 2499 1099 2564 ordinis

92 2579 238 2668 expresse
252 2575 417 2663 professae,
440 2592 472 2640 et
485 2597 563 2664 quae
574 2579 663 2660 gregi
674 2581 808 2663 praeire,
828 2592 859 2643 et
874 2584 1012 2666 praeesse
1024 2588 1101 2670 pol·

28 2748 31 2752 A
91 2669 163 2742 siut,
183 2666 417 2751 praefiniuntur.
448 2669 491 2741 W)
504 2657 597 2743 Quae
617 2683 693 2724 vero
708 2666 742 2726 in
757 2669 912 2756 pullenum
936 2674 1101 2752 vacabunt,

91 2756 160 2817 riou
170 2752 231 2813 uisi
241 2750 436 2830 regularibus
451 2749 765 2831 spectatae'virtusis,
787 2763 817 2812 ot
830 2755 1002 2817 sanctitatis
1018 2779 1101 2822 con..
1211 2800 1214 2808 .

92 2835 247 2899 serenatur.
294 2831 369 2917 Quo
389 2832 427 2893 ad
441 2853 519 2894 vero
531 2853 566 2893 ea
587 2834 782 2910 spoliaberis,
793 2859 882 2922 ·quee
903 2842 1004 2923 capita
1017 2842 1100 2921 sunt,

93 2944 129 2984 ec
160 2923 313 3007 primates
346 2917 519 2989 ordinum,
542 2918 615 3002 sive
648 2920 804 2995 abbasine,
837 2925 901 2984 sive
928 2927 1114 3007 prioratus„

93 3008 182 3070 filiae
205 3007 334 3066 illorum
356 3003 494 3086 capitum
514 3017 753 3086 nuncupantur,
774 3018 940 3069 teneantur
957 3010 1019 3083 illi,
1045 3010 1102 3096 qui

94 3093 131 3155 in
152 3092 309 3176 praesenti
340 3109 375 3170 ea
404 3089 439 3150 in
461 3089 680 3152 comanendum
708 3089 869 3167 obtineat,
905 3094 964 3154 nisi
992 3096 1030 3157 sir
1052 3097 1102 3161 eis

95 3177 136 3240 de
156 3178 296 3256 regulari
316 3171 487 3235 successore
509 3175 690 3256 provisum,
715 3170 799 3237 infra
823 3181 880 3238 sex
902 3182 1025 3242 menses
1046 3203 1103 3245 re·-

84 3262 260 3342 'ligiouom
282 3256 416 3321 illorum
445 3256 594 3321 ordinum
620 3261 784 3343 propriam
805 3262 991 3326 solemniter
1020 3287 1103 3351 pro-

95 3348 200 3424 sileri,
219 3345 337 3408 ousiis
357 3342 485 3407 cedere:
505 3342 585 3406 alies
607 3345 814 3408 adsumendae
831 3347 1010 3433 praedictae
1029 3353 1103 3438 ipsu

133 3601 184 3667 20)
203 3598 358 3667 superiores
385 3567 488 3654 Hnrd„
516 3599 563 3654 Ve.
579 3626 616 3638 —
658 3599 705 3666 21)
723 3601 752 3652 in
770 3597 833 3655 odd.
857 3602 891 3653 R.
916 3602 994 3668 Vas„
1028 3582 1102 3673 Van„

137 3670 215 3736 Dis,
233 3671 339 3737 Hasd„
357 3669 447 3740 Ciris„
468 3671 515 3722 Ve.
533 3697 568 3709 -
603 3672 648 3738 22)
666 3669 802 3723 summum
826 3671 916 3739 Virri,
931 3674 1024 3727 Rhem.

134 3792 163 3857 r)
181 3791 266 3846 Cone.
284 3787 476 3842 soromatas»
495 3784 587 3843 Leone
604 3770 642 3844 X.
660 3810 683 3847 s.
702 3801 780 3855 1513.
808 3792 865 3849 lesi,
884 3803 911 3855 9.
937 3796 971 3847 de
988 3795 1102 3853 reserant.

135 3867 228 3915 euriae
245 3862 340 3926 (Herd.
359 3863 393 3917 T.
412 3862 461 3914 tx.
480 3878 507 3926 p.
527 3865 624 3929 1756.).
643 3891 676 3902 -
711 3867 749 3926 w)
767 3864 831 3920 Sesl.
840 3869 920 3921 XlV.
935 3867 971 3919 ds
988 3867 1100 3923 resbrru.

136 3948 161 3988 o.
179 3941 223 4006 103
240 3934 403 3989 Clementia.
422 3931 452 4009 L.
468 3935 552 3990 sun
564 3941 595 4003 ι5.
613 3951 672 4004 cop.
692 3952 739 3993 nu·
