2550 4536
317 272 516 350 Decretum
541 276 884 354 determinatione
935 310 939 317 ·
1032 294 1107 372 173

126 412 142 441 C

91 462 234 539 celares,
256 461 312 550 qui
331 459 369 525 ad
392 460 426 525 id
447 460 647 526 videbuntur·
662 460 766 547 magio¹
786 463 919 541 idonei3
937 464 1108 556 jurantque

92 568 205 610 omnes
224 547 265 611 ad
286 553 389 612 inuicta
411 547 474 611 Dei
495 551 663 630 evangelia
686 556 726 627 se,
748 572 946 638 quacumque
960 553 1107 617 ‘buntiana

93 634 266 696 affectione
281 635 458 721 postposita,
482 635 624 697 fideliter
640 657 754 698 munus
767 649 969 715 executuros.
1003 642 1029 718 ⁸)
1043 637 1108 700 Ge·-

90 733 250 805 veantque
272 740 313 781 ne
336 719 507 807 quidquam
530 725 658 804 prorsus
681 724 840 797 uenatione
861 723 956 804 huius
979 725 1107 785 exami-

90 806 141 868 nis
164 816 334 878 nocente,
357 827 413 867 nec
432 806 499 890 post
519 807 692 891 accipiant:
716 809 839 894 alioqui
861 807 1025 871 Simoniae
1048 810 1105 871 vi-

89 892 169 953 tium
192 901 265 952 iatu-
279 891 358 975 ipfi,
388 911 481 976 quam
505 892 562 951 alii
583 893 694 954 dantes
718 895 896 969 incurram3
928 915 945 955 a
966 915 1027 978 qua
1047 897 1108 956 ab-

89 977 174 1039 solvi
195 986 375 1062 nequeant,
407 976 464 1037 nifi
486 975 622 1039 dimisiie
643 980 825 1055 beneficiis,
854 991 935 1065 quae
967 1001 1107 1063 quomo-

88 1061 265 1148 documque
286 1063 383 1123 etiam
404 1072 496 1122 autea
524 1064 733 1137 obtinebant3
765 1075 797 1128 ot
826 1062 863 1124 ad
892 1065 955 1125 alia
977 1067 1012 1126 in
1041 1087 1106 1151 po-

89 1147 201 1210 storum
225 1147 386 1209 inhabiles
409 1146 591 1213 reddantur.
644 1147 685 1211 Et
717 1149 756 1211 de
788 1150 840 1210 his
868 1150 1017 1211 omnibus
1036 1172 1106 1215 non

90 1220 194 1295 ioi'um
213 1253 319 1296 coram
334 1230 425 1308 Deo,
447 1232 498 1295 sed
521 1234 620 1295 etiam
640 1236 676 1296 in
699 1234 822 1314 synodo
848 1236 1060 1320 provinciali,
1080 1236 1106 1299 li

91 1338 172 1399 opus
195 1320 278 1392 erit,
315 1319 473 1379 rationem
496 1318 627 1380 reddere
649 1330 839 1392 tenemium
860 1312 877 1382 a
900 1341 960 1405 qua
982 1322 1004 1381 ti
1027 1320 1105 1407 quid

92 1401 422 1483 ⁵²)c0ntruoffictum
444 1401 635 1465 eos.feciss'a
663 1417 863 1491 compertum
885 1402 997 1485 fuerit,
1030 1426 1108 1485 gm-

89 1492 174 1552 viteu
198 1490 265 1572 ejus
287 1490 420 1550 arbitrio
444 1488 554 1574 puniri
575 1490 701 1575 posfint.
743 1490 874 1553 Peracto
893 1490 1010 1553 deiude
1026 1511 1108 1552 eatad

91 1577 179 1637 mine
199 1576 445 1649 monumentor,
476 1587 690 1660 quotcumque
709 1578 747 1638 ab
770 1577 822 1637 hie
842 1576 954 1638 idonei
974 1576 1106 1659 judicati

90 1657 211 1722 fuerint
231 1671 353 1734 aetate,
374 1659 537 1735 moribus,
566 1658 731 1739 doctrina,
763 1661 945 1746 prudentia,
978 1673 1009 1724 et
1029 1658 1108 1724 aliis*

88 1747 184 1807 rebus
210 1745 248 1806 ad
261 1756 437 1808 -vaeamem
458 1746 617 1808 eccleiiam
639 1746 876 1825 gubernandam
896 1749 1106 1832 opportunis.

89 1828 141 1894 Ex
162 1831 279 1917 hisque
299 1833 469 1915 episcopus
491 1852 565 1894 eum
586 1832 703 1911 eligat,
733 1855 826 1918 quem
839 1878 843 1891 1
858 1835 974 1896 ceteris
1002 1835 1107 1912 inagis

89 1917 242 1979 idoneum
259 1916 472 1999 judicaverit}
492 1928 587 2004 atqua
608 1918 673 1992 itti,
708 1929 742 1979 et
766 1940 833 1981 non
854 1919 950 1980 alteri
972 1920 1107 1982 collatio

87 2002 233 2064 emieiiae
262 2005 301 2064 ab
330 2024 368 2064 eo
390 2001 466 2078 fiat,
497 2002 537 2064 ad
560 2024 653 2088 quem
671 1992 828 2087 ipeotabit
853 2024 923 2065 eam
945 2001 1105 2066 conserte.

88 2088 125 2150 st
146 2107 226 2149 vero
250 2087 328 2170 juria
352 2088 755 2172 potronatus-ecclesiastici
777 2090 859 2165 erit3
890 2109 926 2150 ae
946 2089 1103 2151 institutio

86 2173 126 2236 ad
148 2172 352 2258 episcopum,
378 2183 412 2233 et
436 2174 624 2235 uenalium
649 2176 825 2256 pertineam
859 2175 905 2249 is,
927 2194 1020 2258 quem
1044 2196 1106 2262 pa·

85 2271 199 2321 tronus
225 2256 409 2339 digniorem
446 2256 543 2320 inter'
566 2259 718 2340 probatos
754 2260 791 2318 ab
829 2260 1104 2321 examinatoribus

84 2342 257 2428 judicabit,
286 2344 480 2427 ¹)episcopo
515 2341 713 2426 praesentare
742 2354 902 2417 teneatur,
938 2354 973 2402 ut
1004 2347 1042 2404 ab
1064 2364 1104 2406 eo

84 2430 276 2497 instituatur,
320 2426 400 2490 Cum
417 2440 494 2489 vtro
516 2424 673 2489 institutio
697 2429 734 2488 ab
756 2429 833 2503 alio,
856 2448 950 2512 quam
971 2431 1008 2490 ab
1031 2431 1106 2514 epi·

84 2519 202 2600 scopo,
235 2515 296 2576 erit
323 2510 489 2588 facienda3
521 2524 596 2575 tunc
626 2515 796 2598 episcopus
818 2514 909 2576 solue
928 2534 972 2576 ox
995 2514 1106 2596 dignis

84 2602 187 2680 eligat
221 2599 423 2679 digniorem3
461 2618 555 2684 quem
589 2611 742 2681 patronus
773 2599 805 2661 ei
835 2602 1031 2682 praesentet,
1064 2600 1110 2665 ad-

86 2707 182 2772 quem
205 2684 359 2746 institutio
382 2689 513 2766 spectat.
578 2681 676 2765 Quod
708 2682 894 2769 tijuris³⁸)
917 2698 1105 2769 patronatus

85 2772 244 2832 laicorum
266 2766 445 2845 sue1·it⁵⁹)3
475 2768 587 2831 debeat
609 2772 664 2855 qui
687 2791 704 2831 a
726 2783 862 2855 patrono
888 2776 1104 2855 praesentatus

88 2859 165 2928 erit,
186 2857 224 2933 ab
248 2855 371 2933 eiedem
386 2855 615 2940 deputatiuut
627 2859 738 2939 supra,
763 2856 951 2931 examinari,
973 2868 1005 2917 et
1027 2880 1106 2932 nom

87 2943 148 3005 uifi
172 2940 308 3004 idoneus
331 2954 475 3024 repertus
496 2934 611 3015 fuerit,
630 2941 772 3003 admitti.
829 2939 867 3002 lu
892 2943 1105 3026 omnibusque

86 3026 277 3112 supradietis
310 3028 425 3088 caiibus
450 3048 517 3088 non
540 3025 686 3112 cuiquam
707 3025 822 3098 alteri,
856 3046 948 3110 quam
975 3028 1030 3086 uui
1062 3047 1105 3089 ex

87 3113 260 3197 praedictis
276 3111 480 3187 exanimatio,
502 3122 534 3172 et
554 3114 592 3171 ab
613 3111 885 3172 examinatoribus
908 3113 1105 3194 approbatis,

87 3200 178 3281 juxte
205 3202 301 3281 supra
322 3197 439 3260 dictam
470 3197 633 3276 reguiam,
665 3195 705 3258 de
727 3196 852 3258 ecclefia
876 3196 1106 3280 provideatua3

89 3304 148 3345 uec
168 3283 404 3368 praedictorum
424 3283 679 3344 examinatorum
706 3281 914 3357 relationem,
945 3303 1008 3368 quo
1038 3283 1107 3344 mi-

90 3389 150 3430 nue
171 3369 394 3431 executionem
417 3369 550 3442 habeat,
581 3368 645 3428 ulla
667 3366 853 3444 dunolmia,
881 3377 934 3426 aut
956 3369 1108 3451 appelia-

88 3455 154 3527 tio,
187 3454 286 3516 etiam
314 3453 353 3516 ad
381 3453 487 3518 sedem
510 3451 730 3538 apostolicam,
764 3453 831 3516 five
858 3451 998 3533 ejusdem
1019 3454 1111 3517 sedin

88 3615 533 3634 „...................-..-

124 3715 170 3778 37)
191 3680 303 3780 quidem
320 3714 396 3765 liam.
414 3715 454 3766 M.
463 3729 472 3770 ,·
499 3709 588 3766 Harii.
612 3714 670 3778 qni.
686 3737 723 3749 -
776 3707 823 3775 38)
839 3709 883 3776 jus
901 3709 973 3777 Det,
1001 3710 1112 3774 Hortis·

129 3787 176 3838 Vc.
196 3811 232 3823 -
264 3783 313 3848 39)
333 3782 438 3836 suarim
459 3781 543 3839 Viro..
561 3782 654 3835 Rham.

125 3906 149 3970 e)
169 3904 291 3958 Gratiae.
311 3906 392 3959 Dect.
411 3905 442 3960 P.
462 3905 483 3963 1.
508 3902 566 3960 dist.
584 3913 628 3967 24.
648 3890 672 3958 c}
689 3908 715 3965 5.
742 3931 776 3945 -··
826 3907 846 3971 ι)
866 3903 932 3962 Seff.
959 3877 1039 3965 xli.
1066 3905 1101 3961 de

124 3973 239 4030 reform·
256 3992 281 4028 c.
298 3981 343 4036 13.
