2528 4522
54 397 64 407 ‚
170 308 248 384 308
389 291 489 392 Appi
508 229 609 366 sut
632 252 959 363 conobTrident.

174 475 375 569 peditionem
402 474 590 541 canonicam
610 494 680 539 uon
699 455 877 552 babenlss',
906 469 990 560 apud
1019 492 1128 543 unum¹
1152 467 1198 536 de

174 563 392 640 monasteriis,
411 561 534 627 adhoc
556 571 687 648 optume
705 560 772 625 hoc
788 559 936 645 adhibito
958 557 1197 635 moderamine,

29 648 33 654 ’
143 694 145 698 -
175 663 213 716 ut
234 651 345 714 nullus
370 669 483 712 eorum
503 649 599 736 plus,
632 666 728 733 quem
759 650 817 711 sex
837 644 1023 710 evectiones
1054 656 1089 707 et
1116 655 1194 707 octo

174 740 328 826 personas
349 732 494 799 adducat.
534 729 707 805 Advoosnt
727 744 834 796 autem
846 732 881 794 in
892 729 1077 814 hujusmodi
1091 729 1197 810 [cari-

174 821 252 886 tatis
264 818 334 903 vel]
349 820 507 883 novitatis
552 815 719 882 rimordiis
739 816 820 881 duos
835 816 1043 881 Gisieroiensis
1066 814 1196 879 ordinis

175 908 302 971 abbates
322 906 470 984 viciuos,
570 901 788 993 praebendum
808 902 867 966 fibi
887 903 1058 985 consilium
1077 912 1112 964 et
1134 921 1198 963 au·
1225 927 1228 933 ¹

124 1012 138 1032 ‘
169 993 297 1058 milium
317 1002 555 1078 opportunum,
584 1010 658 1054 cnm
686 989 747 1052 sint
776 990 814 1052 in
834 988 1020 1072 hujusmodi
1041 987 1197 1074 capitulis

175 1077 377 1145 celebrandis.
405 1098 449 1142 ex
474 1079 573 1158 longe
599 1073 829 1140 consuetudine
860 1075 992 1161 plenius
1011 1069 1197 1136 informati.

177 1161 249 1249 Qui
267 1166 387 1250 absque
407 1154 659 1228 contradictione
679 1158 761 1224 duos
782 1159 840 1222 fibi
872 1160 912 1223 de
931 1161 1007 1246 ipsis
1028 1156 1198 1236 associent,

175 1270 258 1338 quos
279 1248 423 1315 viderint
444 1247 610 1335 expedire.
666 1241 717 1310 Ac
735 1246 797 1332 ipsi
817 1257 954 1333 quatuor
975 1245 1114 1331 praesint
1140 1266 1198 1308 cs-

174 1336 282 1423 pitulo
304 1333 467 1413 universo,
487 1337 543 1411 ita,
563 1330 650 1421 quod
672 1353 715 1396 ex
732 1333 796 1395 boc
809 1333 919 1395 nullus
936 1352 1049 1395 eornm
1062 1329 1122 1393 sibi
1133 1350 1199 1392 eu·

174 1421 356 1485 cleritatem
378 1421 591 1507 praelationis
611 1416 762 1482 sisumet:
783 1417 886 1497 unde,
907 1439 979 1481 eum
1000 1416 1203 1502 expedierit,

173 1505 314 1593 provida
346 1508 447 1592 possit
468 1505 700 1570 deliberatione
722 1503 851 1568 mutari.
901 1500 1095 1587 Huiusmodi
1113 1522 1197 1565 vero

102 1590 106 1599 '
129 1602 134 1611 ’
174 1593 352 1677 capitulum
373 1593 499 1679 aliquot
517 1591 613 1654 certis
634 1588 747 1652 diebus
768 1589 938 1664 continue,
957 1589 1198 1672 juxta-morem

175 1675 385 1747 cisterciensis
410 1675 536 1739 ordinis
560 1675 747 1753 celebretur,
766 1673 803 1737 in
825 1694 889 1760 quo
911 1673 1049 1756 diligens
1074 1673 1200 1736 bobes-

174 1773 228 1824 tur
248 1771 398 1824 tractatus
418 1760 459 1826 de
484 1755 716 1826 reformatione
747 1758 896 1837 ordinis,
931 1771 964 1822 et
991 1758 1198 1823 observantia

174 1846 336 1926 regulari:
358 1858 391 1909 et
414 1845 503 1932 qnod
520 1845 667 1909 statutum
686 1839 806 1922 fuerit,
822 1847 892 1908 illis
917 1858 1050 1931 quatuor
1071 1865 1199 1931 appro-

63 1960 69 1965 ·
174 1932 342 2008 bentibus,
364 1931 599 1995 inviolabiliter
619 1933 822 2007 observetur,
853 1933 944 1995 omni
977 1932 1197 2007 excusatione,

134 2032 139 2043 “
174 2015 430 2081 contradictione
439 2016 699 2104 etsppslletione
709 2017 857 2096 remotis,
871 2017 1007 2163 freuile
1016 2017 1200 2080 nibilomi-

174 2123 247 2180 nna,
267 2103 323 2165 ubi
334 2103 480 2190 sequenti
492 2103 630 2169 termino
639 2102 752 2166 debeat
765 2103 871 2189 capitu
888 2125 942 2166 um
960 2102 1127 2166 celebrari.
1154 2099 1199 2166 Et

174 2189 232 2276 qui
243 2191 468 2269 convenerint,
481 2188 708 2254 vitamducant
716 2209 930 2267 communem,
940 2198 972 2250 et
983 2184 1104 2251 faciant
1114 2208 1200 2275 pro-

174 2273 445 2361 portionabiliter
459 2276 552 2341 simul
581 2296 695 2339 omnes
716 2295 902 2339 communes
924 2278 1104 2359 expensas,
1137 2273 1197 2351 its,

173 2358 272 2508 quod,
294 2363 402 2426 sinon
423 2383 536 2426 omnes
558 2374 711 2447 poterunt
731 2361 768 2424 in
789 2360 931 2438 eisdem,
947 2361 1060 2425 saltem
1082 2359 1196 2445 plnres

200 2447 267 2533 mul
290 2448 327 2509 in
356 2447 491 2511 diversis
512 2447 662 2511 domibus
683 2458 934 2511 commorentur.
994 2441 1210 2508 ordinentur*

173 2531 273 2593 etiam
301 2531 338 2594 in
366 2531 480 2594 eodem
509 2533 651 2615 capitulo
680 2531 852 2612 religiosae
881 2553 917 2594 ac
950 2531 1197 2618 circumspectae
1255 2548 1258 2553 ·

106 2624 112 2636 “
171 2619 336 2700 personae,
361 2635 441 2701 quae
455 2616 593 2697 fingules
608 2613 750 2678 abbatias
769 2617 911 2702 ejusdem
927 2619 1021 2699 regni
1037 2618 1092 2687 seu
1113 2638 1197 2702 pro-

172 2699 312 2776 vinciae,
333 2721 401 2764 non
415 2702 520 2764 solum
541 2701 784 2780 monachorum,
805 2701 858 2766 sed
881 2703 978 2766 etiam
990 2703 1195 2779 monialium,

130 2862 133 2866 ,
171 2784 342 2849 secundum
364 2781 502 2852 formam
531 2787 589 2851 fibi
606 2788 804 2875 praefixam,
835 2788 907 2852 vice
927 2789 1030 2853 nostra
1051 2788 1195 2852 studeant

172 2871 325 2949 visitare,
344 2875 543 2955 corrigentes
564 2885 597 2937 et
616 2869 850 2950 reformantes,
877 2895 958 2959 quse
979 2875 1214 2940 correctionis·

173 2967 206 3022 eb
235 2953 480 3024 reformationis
506 2958 614 3023 officio
643 2957 788 3023 viderint
807 2959 971 3040 indigere,
989 2963 1061 3041 ita,
1093 2960 1193 3047 quod,

171 3043 196 3107 fi
216 3055 374 3108 rectorem
393 3046 459 3109 loci
473 3038 688 3127 cognoverint
708 3046 746 3107 ab
767 3043 1039 3112 administratione
1060 3047 1193 3132 penitus

171 3129 407 3208 amovendum,
439 3131 633 3196 denuntient
665 3131 816 3217 episcopo
850 3133 1006 3218 proprie,
1035 3132 1192 3196 utillum

172 3233 325 3279 amovere
346 3229 518 3301 procuret:
541 3216 671 3304 quodsi
691 3239 759 3280 non
780 3213 905 3293 fecerit,
925 3218 986 3304 ipsi
1008 3218 1192 3282 visitatores

70 3360 72 3365 ⁴
169 3297 234 3361 hoo
253 3298 394 3366 referant
414 3303 455 3367 ad
475 3303 664 3390 apostolicos
682 3303 767 3367 sedis
786 3324 934 3367 examen.
991 3303 1063 3368 Hoc
1082 3303 1193 3388 ipsum

169 3387 331 3467 regulares
350 3390 522 3453 canonicos
546 3388 717 3454 secundum
746 3388 895 3452 ordinem
922 3394 1014 3454 suum
1036 3389 1190 3454 volumus

170 3480 204 3532 et
225 3473 443 3557 praecipimus
470 3479 649 3542 observare.
703 3475 740 3538 Si
772 3496 851 3539 vero
881 3476 918 3539 in
950 3477 1009 3539 heo
1039 3476 1191 3542 novitate

171 3555 340 3642 quicquam
362 3560 558 3626 difficultatis
588 3561 769 3639 emerserit,
802 3561 887 3646 quod
921 3584 979 3648 per
1007 3561 1189 3647 praedictas

168 3644 322 3726 personas
342 3659 478 3733 nequeat
500 3649 670 3735 expediri,
701 3646 741 3711 ad
769 3647 956 3732 apostolicae
988 3647 1082 3716 sedis,
1101 3647 1190 3730 judi-

168 3728 255 3791 cium
274 3729 393 3816 absque
412 3733 559 3798 scandalo
578 3730 755 3816 referetur:
786 3737 900 3796 ceteris
920 3729 1190 3815 irrefragabiliter

169 3814 355 3905 observetis,
377 3839 457 3904 quae
483 3814 635 3884 concordi
655 3813 779 3882 fuerint
798 3818 1028 3883 deliberatione
1043 3819 1160 3905 provif
1178 3865 1187 3885 .

168 3980 176 3996 ⁸
231 3899 333 3964 Porro
357 3902 539 3969 dioecesani
567 3905 711 3992 episcopi
741 3904 928 3968 monasteria
960 3906 1019 3968 fibi
1050 3905 1187 3986 subjecta

165 3993 212 4045 sta
232 3985 372 4053 studeant
394 3986 590 4071 reformare,
612 4003 665 4075 ut,
692 4011 764 4055 cum
784 3991 823 4054 ad
846 4013 882 4056 ea
899 3991 1056 4079 praedicti
1074 3993 1186 4057 vilita-
