2528 4522
250 204 487 319 ¹Decretum·
502 245 735 342 surpenfionis
761 249 895 329 concil„
1037 263 1087 340 93
1176 262 1180 271 ’

73 429 219 494 diverses
250 430 425 517 opiniones
456 430 679 495 miserabiliter
699 426 900 509 diruentem,
921 431 956 494 iu
976 431 1087 495 [letum

73 515 244 602 pristinum
267 522 452 592 re'vttceret3
482 517 609 595 ebulus,
643 527 676 580 et
708 536 816 578 mores
837 513 1087 581 Christianorum

72 605 332 688 corruptillimos
364 603 567 677 emendaretr
600 621 735 687 cumque
764 599 802 663 ed
833 601 896 664 hoc
929 602 1087 684 egendum

75 708 173 772 quem
195 689 330 774 plurimi
351 701 480 772 potres,
508 689 597 751 nulle
615 690 761 751 laborum
782 690 926 765 luorum,
958 691 1104 773 pericu-‘

70 773 248 860 lorumque
269 773 378 835 habite
398 775 541 852 ratione,
567 773 738 837 ediverlis
768 774 952 852 regionibus
975 774 1109 847 elucri-v
1148 800 1151 809 ·

74 868 128 920 ter
149 857 398 930 confluxill'ent‚
428 881 542 947 resque
563 860 685 923 strenue
709 879 824 939 magno
846 858 992 922 fidelium
1007 882 1088 923 con-

74 943 186 1018 cursu,
206 940 408 1031 feliciterque
428 946 634 1031 procederem
659 967 693 1006 ec
712 949 783 1030 spes
805 942 883 1007 eliet
901 968 968 1009 non
990 946 1086 1016 levis,

72 1028 158 1091 illos
179 1026 375 1102 Germanus,
408 1032 464 1117 qui
495 1053 548 1095 ees
577 1031 740 1106 novitates
773 1030 948 1093 excitarent
968 1028 1017 1113 ὅ),
1051 1031 1086 1093 ἰη

73 1115 253 1177 concilium
278 1130 447 1193 venturos,
478 1117 518 1179 lic
546 1118 723 1193 animatos,
755 1127 791 1177 ut
828 1117 913 1178 rerie
943 1117 1087 1179 ecclelioe

72 1200 259 1263 rationibus
271 1202 465 1264 unanimiter
479 1204 730 1288 acquiescerentt
750 1202 809 1263 lux
830 1201 967 1286 denique
989 1225 1089 1288 quee-

73 1284 152 1347 dem
174 1289 266 1348 rebus
281 1284 429 1350 atlutfitre
443 1288 629 1362 videretur3
650 1298 805 1372 caputque
827 1288 977 1350 attollere
991 1289 1088 1371 ¹inci·-

74 1383 169 1454 peret
190 1373 361 1457 profligate
381 1383 483 1449 antee,
504 1385 536 1435 et
558 1374 672 1434 efflicte
693 1373 870 1455 respublica
893 1369 1087 1435 Christiane:

72 1457 105 1516 ii
126 1468 258 1540 repente
278 1459 457 1535 turnultus,
491 1479 527 1522 ee
556 1460 640 1520 belle
670 1457 766 1529 hostis,
794 1459 923 1536 generis
953 1459 1087 1521 humani

73 1544 235 1619 versutie,
271 1542 475 1616 exarserunt,
509 1554 543 1604 ut
565 1544 737 1606 concilium
758 1545 849 1604 velut
871 1545 1020 1620 haerere,
1053 1564 1088 1605 ec
1137 1561 1152 1577 ²·

36 1708 40 1713 Ι
71 1630 170 1690 suurn
203 1627 326 1690 curlurn
360 1629 595 1713 interrumpere
619 1630 695 1691 lotis
724 1629 929 1691 incommode
955 1650 1088 1710 eogere·

73 1696 131 1774 tur’
143 1710 191 1788 4);
214 1717 346 1799 spesque
367 1717 472 1776 omnis
496 1716 659 1797 ulterioris
673 1713 854 1798 progrellus
873 1714 933 1776 hoo
952 1715 987 1777 in
1010 1728 1087 1777 tem·
1196 1716 1199 1725 '

73 1819 159 1882 pore
182 1801 370 1875 tolleretur3
402 1811 587 1886 tentumque
609 1804 731 1875 aberet,
766 1811 800 1862 ut
819 1800 1086 1881 sancrosynodus

73 1881 327 1946 Christianorum
356 1886 469 1962 melis,
510 1897 543 1947 et
576 1884 792 1948 incommodis
821 1886 1019 1961 mederetur,
1054 1897 1088 1947 ut

71 1969 250 2032 multorum
278 1959 402 2033 ruentes
434 1983 558 2057 preeter
586 1971 635 2034 lui
666 1971 768 2032 enimi
789 1972 977 2033 sententiam
1006 1972 1089 2032 irri-
1152 2047 1158 2055 ,

70 2066 159 2117 toret
176 2057 304 2140 potius,
339 2078 432 2142 quem
456 2059 603 2143 placaret.
668 2054 870 2141 Curnigitur
895 2057 1110 2140 ipselencte,

71 2138 217 2221 synodus
240 2142 360 2217 omniu,
384 2151 417 2204 et
437 2144 608 2226 praecipue
630 2140 834 2207 Gerrneniem
850 2144 947 2203 orrnie
968 2142 1089 2216 erdere,

73 2226 304 2297 etdiecordiis
320 2227 457 2303 videret,
479 2249 593 2289 omnes
616 2222 691 2289 fere
706 2228 877 2310 episcopos
900 2224 1090 2302 Germanos,

28 2380 34 2389 ¹
72 2313 265 2398 praesertim
293 2312 648 2396 principeselectores
679 2313 745 2374 luis
776 2312 955 2373 consultum
990 2313 1090 2374 eccle·

71 2399 169 2461 fiir-e
189 2397 329 2459 concilio
351 2395 480 2468 elriiller
518 2395 661 2458 decrevit
693 2405 796 2457 tentee
828 2397 1001 2459 necellitati
1023 2419 1089 2459 non

72 2483 245 2559 reluctari,
274 2484 307 2545 et'
333 2482 370 2545 ed
392 2483 528 2546 meliore
550 2493 697 2567 ternpore
719 2481 873 2557 reticere,
907 2493 944 2545 ut
971 2494 1089 2567 putres,

72 2590 139 2657 quo
156 2564 189 2650 5)
212 2569 259 2630 eis
280 2590 364 2630 nunc
388 2564 482 2648 egere
504 2590 571 2629 non
594 2568 687 2655 licet,
717 2567 783 2629 luis
813 2569 929 2631 ovibus
953 2573 1090 2654 prospe·

71 2666 161 2725 ctum
193 2652 232 2716 ed
267 2657 338 2716 suas
367 2654 509 2716 ecclelies
536 2653 663 2731 regredi
695 2654 860 2730 valerent,
900 2675 941 2717 ne
968 2652 1089 2718 diutius

71 2740 245 2825 utrobique
267 2739 380 2801 inutili
402 2741 472 2810 otio
499 2750 714 2802 conterentur.
769 2732 878 2824 Atque
912 2740 975 2816 ite,
1006 2761 1089 2826 quo·
1127 2784 1134 2802 s

48 2827 163 2907 'niem
181 2825 235 2886 :lic
264 2835 445 2910 temporum
473 2824 616 2886 conditio
636 2825 731 2900 tulit,
766 2823 860 2906 hujus
892 2826 1090 2888 oecumenici

72 2909 209 2975 concilii
233 2908 420 2972 Tridentini
453 2908 650 2995 progrelsuru
673 2931 730 2993 per
759 2908 925 2972 biennium
940 2913 1089 2995 despen-

73 2996 218 3060 dendurn
239 2989 310 3057 lure
328 2995 486 3070 decernit·
504 3006 608 3080 prout
624 2995 785 3080 praesenti
808 2995 935 3057 decreto
953 2995 1089 3080 suspen-

72 3081 140 3161 dit3
162 3084 201 3144 eli
222 3091 329 3143 temen
344 3084 425 3161 lege,
449 3082 538 3158 ut,·li
558 3082 653 3143 citius
674 3090 783 3166 pecata
804 3101 862 3142 res.
879 3082 931 3158 fir,
946 3101 981 3142 nc
997 3091 1088 3143 tren-

73 3168 228 3255 quillitee
247 3166 375 3250 pristine
399 3178 594 3251 revertetur,
629 3165 715 3254 quod
747 3169 852 3250 speret
876 3165 1088 3253 Dei-optimi

11 3298 16 3303 -
72 3252 210 3318 maximi
242 3250 499 3339 beneficionon-
525 3253 623 3333 longo
653 3248 720 3314 sors
741 3247 770 3331 6)
798 3250 902 3336 lpotio
935 3247 1088 3328 futurum,

74 3340 171 3413 itus
191 3339 323 3401 concilii
345 3336 725 3423 progreffus'eodernmet
739 3342 886 3422 tempore
902 3341 988 3400 luem
1011 3341 1088 3417 viru,
1110 3386 1113 3395 .

74 3362 287 3502 diminitum,⁴
305 3425 513 3510 vigoremque
534 3424 650 3488 hebere
674 3427 846 3488 censeatur.
893 3423 953 3487 Sin
973 3437 1088 3501 eutem,

105 3658 136 3725 3)
153 3660 306 3711 excitarant
324 3653 414 3710 Harii.
433 3664 460 3704 et
477 3657 555 3709 Rom.
573 3656 622 3717 M..
641 3653 724 3721 Ciris.⁹
736 3655 838 3715 ,Vm-r
866 3655 897 3722 4)
915 3667 942 3710 et
961 3653 1023 3725 lutis
1042 3661 1089 3707 in.

107 3729 255 3783 commode
278 3738 421 3795 gereretur
440 3726 519 3780 Brix.
541 3754 577 3765 -
605 3727 728 3793 5)·quod
748 3729 814 3793 Ru,
836 3727 1089 3797 Rom.‚1t.·Var.‚

107 3802 245 3863 Bom.M.‚
266 3798 341 3862 Ven„
359 3796 461 3864 Hard,
475 3796 558 3868 coifi,
580 3800 644 3855 Ve.,·
665 3815 700 3849 ex
719 3815 775 3866 quo
794 3803 834 3853 eie
852 3809 919 3851 tuuc
934 3797 992 3871 hoq
1007 3814 1088 3865 egere

107 3887 162 3925 uon
180 3871 272 3935 llceet,
288 3869 375 3934 mix„
392 3868 492 3925 Dit-
521 3870 551 3933 6)
569 3868 662 3921 forsan
680 3871 714 3925 R.
735 3871 808 3935 Vol„
825 3871 901 3924 Rom.
918 3870 969 3931 M„
988 3867 1088 3929 Hordr

111 3940 175 3999 sore
189 3940 294 4013 spatio,
321 3939 498 4003 infuturum
516 3940 585 3993 Brir
604 3939 666 3995 lure
685 3938 803 4008 spatium
821 3939 947 3994 futurum
971 3940 1020 3992 Vr.
