2528 4522
156 218 252 321 '106
324 170 417 331 App.
439 234 473 313 1,
495 233 542 305 ad
567 227 712 329 concil,
726 230 891 305 Trident.
940 233 1024 307 Seis.
1048 177 1186 316 xltlltg

174 426 245 488 bata
276 419 447 497 concilia,·
472 427 506 481 et
533 415 709 481 catholicae
741 418 886 483 ecclesiae
918 419 1120 497 consensum,
1152 430 1187 484 et

172 514 353 574 sanctorum
381 516 507 590 patrum
539 505 740 566 auctoritates
770 505 806 568 in
844 505 1007 588 praedicto
1044 506 1185 570 concilio

174 593 583 671 Tridentinotractentur:
605 588 665 650 illo
688 590 785 669 etiam
807 589 933 668 addito,
956 605 989 653 ut
1011 591 1185 671 religionis

172 689 361 766 praetextu,
378 674 436 738 aut
455 674 646 736 delictorum
667 674 748 737 circa
769 695 839 737 eam
859 675 1111 755 commissorum,
1130 687 1188 740 aut

173 759 477 827 committendorum
510 760 644 822 minime
680 761 873 845 puniantur,
907 763 1109 844 impertitur,
1148 783 1185 824 ac
1242 753 1253 763 .

175 851 311 914 otnnino
330 846 492 923 concedit3
513 847 552 908 sic
574 846 689 922 etiam,
719 855 754 906 ut
774 849 1065 931 propter.illorum
1090 868 1187 932 prae·

158 937 326 1010 sentiam,
361 953 462 1017 neque
491 930 527 997 in
559 931 695 1006 itinere,
728 942 781 993 aut
803 953 1000 1019 quocumque
1028 935 1187 1010 locorum,

170 1020 304 1096 *eandm
324 1016 504 1092 manendo,
533 1026 586 1079 aut
607 1014 791 1093 redeundo,
826 1038 884 1079 nee
907 1019 942 1079 in
962 1020 1032 1103 ipsa
1051 1019 1187 1080 civitate

173 1103 368 1179 Tridentina
391 1124 412 1164 a·
430 1101 553 1164 divinis
576 1100 691 1164 officiis
712 1101 828 1186 quovis
850 1101 946 1165 modo
968 1101 1121 1177 cessatum
1152 1114 1188 1165 et

172 1201 210 1255 ut
230 1190 284 1252 his
306 1188 463 1275 peractis,
485 1187 539 1250 vel
561 1208 628 1268 uon
648 1188 802 1272 peractis,
824 1187 1084 1272 quandocumque
1104 1187 1185 1272 ipsis

170 1276 323 1352 libuerit,
354 1286 407 1341 aut
427 1273 582 1356 majorum
605 1277 734 1336 suorum
754 1273 920 1350 mandato,
950 1283 983 1335 et
1002 1273 1122 1349 assensu
1144 1272 1187 1335 ad

171 1361 307 1447 propria
328 1360 451 1424 reverti
470 1358 645 1444 optabunt,
678 1369 732 1419 aut
760 1359 878 1444 aliquis
907 1379 1019 1421 eorum
1050 1360 1187 1442 optabit,

173 1467 254 1511 rnox
273 1447 389 1529 absque
410 1445 477 1506 ulle
498 1444 669 1507 renitentia
686 1441 732 1522 ²),
752 1456 789 1528 et,
806 1444 982 1520 occasione,
1009 1454 1063 1505 aut
1084 1464 1186 1520 mora,

170 1532 271 1603 solvis
293 1533 386 1595 rebus
407 1550 529 1606 eorum,
551 1541 583 1592 et
603 1533 733 1594 suorum
753 1530 874 1615 pariter
897 1530 1039 1606 honore,
1055 1541 1087 1591 et
1108 1549 1188 1612 per-

171 1617 281 1692 sonis,
312 1616 384 1678 vice
411 1619 502 1679 versa
523 1613 642 1698 possint
661 1606 754 1709 juxta
775 1615 1009 1700 beneplacitum
1031 1615 1132 1677 libere
1152 1625 1187 1677 et

127 1750 128 1754 ,
170 1701 279 1766 secure
302 1700 423 1778 redire,
450 1698 640 1762 descientia
663 1713 769 1762 tamen
792 1702 830 1761 ab
850 1700 960 1781 eadem
981 1699 1104 1780 synodo
1126 1697 1187 1760 de-

171 1784 407 1873 putandorum,
433 1795 468 1847 ut
497 1794 572 1847 tune
594 1795 776 1868 opportune
797 1805 909 1849 eorum
930 1785 1090 1849 securitati
1111 1785 1187 1846 abs-

172 1892 235 1957 que
264 1869 340 1932 dolo
370 1883 403 1933 et
422 1864 535 1932 scande
555 1868 773 1954 provideatur.
834 1869 919 1932 Vult
951 1871 1048 1932 etiam
1082 1874 1188 1944 sancta

171 1956 314 2037 synodus
338 1955 374 2017 in
393 1956 453 2017 hae
473 1953 599 2040 publica
620 1953 694 2031 fide,
717 1956 869 2040 salvoque
890 1955 1045 2018 conductu
1071 1976 1185 2018 ornnes

121 2108 131 2117 „
173 2060 387 2128 quascumque
422 2040 576 2112 clausulas
610 2038 751 2116 includi,
777 2052 820 2103 *et
849 2041 1029 2118 contineri,
1065 2058 1185 2125 ac'pro

170 2128 300 2191 inclusis
322 2123 452 2203 baberi,
482 2145 566 2271 quae
588 2145 646 2208 pro
670 2127 786 2211 plena,
821 2124 940 2188 efficaci
961 2137 994 2188 et
1014 2125 1186 2189 sufficienti

170 2213 339 2278 securitate
361 2211 396 2272 in
418 2231 479 2272 eun
505 2232 535 2282 o,
556 2209 680 2287 stando,
703 2231 737 2272 ac
761 2208 922 2273 redeundo
944 2209 1132 2274 necessariae
1151 2221 1187 2274 et

172 2309 374 2383 opportunae
394 2290 527 2360 suerint.
576 2292 662 2357 Illud
685 2295 840 2359 etiamad
863 2297 1015 2378 majorem
1033 2286 1187 2360 securita-

112 2428 115 2433 -
170 2395 257 2458 tem,
292 2396 325 2445 et
358 2382 463 2465 pacis,
500 2402 534 2443 ac
565 2381 803 2444 conciliationis
836 2384 955 2444 bouum
987 2382 1187 2467 exprimens,

91 2472 95 2477 ’
195 2467 278 2542 uod,
299 2469 322 2529 li
343 2466 523 2550 quispiam,
551 2476 604 2526 aut
625 2466 757 2527 illorum
775 2467 895 2552 aliqui,
924 2468 990 2530 sive
1010 2469 1046 2529 in
1066 2469 1187 2530 itinere

172 2489 365 2615 d'ridentum
398 2550 579 2622 ueniendo,
609 2549 674 2612 five
703 2549 824 2614 ibidem
846 2552 1020 2628 morando,
1056 2563 1109 2615 aut
1130 2573 1188 2615 re-

171 2635 310 2707 deundo,
347 2634 479 2719 aliquod
519 2654 671 2708 enorme,
712 2634 797 2720 quod
828 2638 924 2713 absit,
956 2636 1099 2717 egerint,
1131 2648 1189 2700 aut

172 2719 409 2794 commiserint,
440 2739 503 2803 quo
525 2717 629 2802 pollet
648 2719 740 2800 hujus
759 2719 837 2783 fidei
859 2722 1019 2806 publicae,
1051 2733 1085 2786 et
1103 2720 1188 2800 alse-

169 2805 347 2871 curationis
368 2804 566 2878 beneficium,
591 2805 638 2865 eis
659 2805 836 2868 concessum
850 2809 1020 2883 annullari,
1043 2818 1096 2872 aut
1117 2811 1188 2872 cas·

169 2887 303 2975 sari²);
337 2891 429 2960 vult,
459 2899 492 2952 et
513 2888 676 2961 coneedit,
710 2902 746 2953 ut
775 2893 811 2953 in
835 2893 1020 2975 hujusmodi
1043 2885 1187 2962 facinoris

172 2975 383 3063 deprehensi,
404 2976 441 3035 ab
465 2973 542 3058 iplis
563 2973 750 3052 dumtaxat,
779 2988 810 3039 et
832 3000 899 3040 non
919 2981 957 3040 ab
980 2979 1070 3054 aliis,
1103 2999 1187 3041 con-

171 3064 269 3144 digna
302 3058 594 3132 animadversione,-
634 3082 705 3124 cum
738 3062 872 3125 emenda
903 3056 1089 3142 sufficienti,
1125 3084 1187 3147 pet·

170 3159 297 3234 partem
318 3147 416 3230 ipsius
439 3143 554 3226 synodi
575 3146 692 3208 merito
714 3146 932 3232 approbanda,
965 3160 998 3211 et
1017 3147 1187 3227 laudanda,

170 3254 251 3297 rnox
275 3234 468 3316 puniantur:
501 3231 635 3307 illorum
657 3231 894 3296 assecurationis
915 3230 1039 3310 souma,
1069 3233 1186 3296 condi-

135 3319 146 3365 ,¹
169 3318 336 3392 tionibus,
368 3327 402 3379 et
422 3312 528 3379 modis
553 3324 687 3379 omniuo
710 3319 912 3380 manentibus
934 3320 1079 3382 illibatis.
1120 3317 1187 3380 l‘a·

169 3399 463 3468 risormiteretiam
485 3401 573 3475 vult,
603 3412 659 3476 ut,
689 3402 919 3489 srquisquam,
949 3406 1004 3471 vel
1023 3403 1187 3490 aliquis⁵)
1250 3473 1254 3478 ,

170 3511 215 3553 ex
235 3490 303 3572 ipsa
329 3488 450 3565 synodo
471 3486 537 3551 five
559 3487 595 3548 in
616 3487 752 3565 itinere,
782 3503 835 3551 aut
857 3488 1032 3568 manendo,
1054 3500 1109 3551 ant
1130 3511 1186 3553 re-

170 3573 298 3640 deundo
317 3572 449 3659 aliquod
467 3593 609 3650 enorme,
631 3572 717 3660 quod
739 3575 833 3655 abfit,
853 3576 997 3657 egerint,
1019 3587 1074 3638 aut
1094 3596 1187 3639 corn-

207 3849 236 3914 1)
254 3850 398 3902 retinentia
419 3845 509 3901 Isortl.
524 3874 558 3886 -
603 3845 632 3909 9)
650 3841 744 3896 ceffari
762 3843 849 3906 Rom„
863 3847 897 3902 R.
918 3843 982 3903 Vol.-
1001 3874 1034 3886 -
1081 3848 1111 3915 3)
1132 3846 1184 3900 ati-

100 3978 102 3983 ,
208 3924 258 3988 qui
276 3923 310 3974 R.
331 3919 402 3986 Vol,
420 3921 495 3973 lietu.
514 3920 570 3982 M„
589 3915 694 3979 Horas„
712 3911 785 3973 vit,
805 3915 850 3969 Vc.
