2528 4522
195 297 270 379 193
345 278 437 386 App
462 276 490 354 ι’
515 281 560 352 aa
582 280 719 351 coacti.
738 277 903 352 recent.
951 278 1035 354 cerr.
1054 247 1177 351 xxv.

198 463 380 529 functorum
403 462 524 529 relictis
545 462 727 550 impositum
748 460 831 537 else,
862 473 897 524 ut
925 461 993 524 illis
1014 483 1072 548 pro
1095 462 1208 543 singu-

198 552 242 615 tis
262 550 383 627 diebus,
402 571 419 612 a
442 550 638 613 testatoribus
649 548 860 633 praescriptis,
882 560 1015 634 nequeat
1035 547 1206 618 satisfieri3

83 708 86 723 Ι
197 638 252 721 vel
274 637 509 716 eleemosynam
536 634 718 717 hujusmodi
739 654 797 718 pro
820 633 888 696 illis
910 632 1104 696 celebrandis
1126 633 1205 693 adeo

197 732 326 784 tenuem
349 718 430 797 esl'e,
460 731 580 782 utnon
603 716 696 781 facile
716 717 918 794 inveniatur,
949 719 1004 803 qui
1027 717 1109 779 velit
1132 719 1228 778 buic'

198 805 231 869 se
252 807 378 868 muneri
398 806 570 888 subjicere3
602 804 683 866 unde
714 802 890 887 depereunt
923 805 995 887 piae
1028 803 1206 865 testantium

196 892 401 963 voluntatem
433 903 465 954 et
495 911 606 953 eurum
628 889 852 960 conscientias,
883 887 919 963 qd
945 908 1024 973 quos
1047 888 1207 970 praedicta

197 977 356 1061 spectant,
377 974 531 1039 onerandi
553 974 667 1036 occasio
691 973 793 1036 datur.
840 971 952 1034 Sancta
972 971 1126 1051 synodus,
1147 995 1206 1032 cu-

197 1061 291 1207 piens
305 1061 398 1139 haec,
420 1059 459 1122 ad
481 1061 553 1145 pios
570 1064 642 1121 ulus
664 1060 794 1135 relicta,
822 1078 884 1143 quo
903 1058 1055 1142 plenius,
1083 1068 1115 1119 et
1140 1057 1208 1118 uti-

213 1147 263 1208 ius
314 1145 390 1208 otest
420 1145 568 1229 impleri,
600 1139 781 1205 facultatem
813 1143 865 1203 dat
894 1144 1074 1228 episcopis,
1106 1155 1138 1203 ut
1160 1144 1207 1205 in

196 1234 279 1314 synd
304 1254 323 1293 o
355 1229 558 1307 dioecesana,
596 1229 746 1314 itemque.
773 1226 952 1305 abbatibus,
984 1238 1017 1288 et
1044 1228 1209 1306 generali-

196 1317 256 1378 bus
280 1317 447 1391 ordinum,
469 1327 502 1377 ut
522 1315 557 1376 in
579 1313 644 1375 suis
664 1313 812 1398 capitulis
837 1313 1047 1392 generalibus,
1070 1333 1103 1374 re
1125 1312 1208 1374 dili-

196 1410 308 1481 genter
333 1405 509 1546 perspscta,
541 1392 659 1484 possint
681 1421 739 1484 pro
761 1402 813 1460 sua
836 1399 1025 1460 conscientia
1054 1396 1088 1458 in
1111 1419 1208 1480 prae-

196 1486 289 1548 dictis
315 1487 469 1560 eccle'is,
504 1504 581 1569 quas
609 1485 668 1544 bac
699 1483 883 1567 provisione
914 1483 1058 1560 indigere
1081 1503 1207 1560 cogno-

196 1572 324 1641 verint,
343 1568 513 1651 h)ll‘atuare
534 1562 614 1629 circa
638 1569 730 1643 lraec,
764 1566 916 1652 quidquid
947 1568 1048 1646 inagis
1080 1566 1117 1626 ad
1141 1567 1204 1628 Dei

196 1654 371 1730 honorem,
397 1665 432 1717 el
450 1654 587 1728 cultum,
618 1664 713 1735 atque
734 1652 929 1713 ecclesiarum
950 1653 1124 1713 utilitatem
1148 1653 1206 1712 vi·

192 1738 302 1807 derint
322 1738 496 1823 expedit03
529 1739 572 1798 iu
597 1749 720 1810 tamen,
749 1746 915 1798 uteorum
938 1741 1062 1823 semper
1087 1733 1206 1798 dosun-

191 1830 318 1886 'ctorutn
337 1822 601 1885 'cornmemoretio
625 1823 699 1896 siet,
720 1821 774 1907 qui
798 1841 855 1904 pro
879 1822 1004 1885 suarum
1026 1821 1203 1885 anirnarum

194 1900 295 1991 lalu'te
315 1908 416 1989 legata
437 1928 474 1971 ea
493 1905 531 1970 ad
554 1905 724 1993 pioa·usus
742 1906 939 1993 reliquerunt
951 1904 1008 1993 Π).

625 2012 707 2117 (lac.
728 2050 773 2117 V.

191 2168 401 2256 [Serventur
423 2168 634 2238 conditiones
653 2180 688 2247 et
706 2191 810 2236 onem
828 2166 1003 2258 benefidae
1015 2171 1201 2259 injuncte]

220 2274 352 2359 [Rari'o
368 2278 520 2364 postulat,
549 2277 692 2355 abillis,
723 2288 803 2365 quac
831 2280 910 2342 bene
931 2280 1095 2343 constituta
1119 2287 1201 2359 sunt,

194 2362 362 2427 cointrariis
385 2363 640 2426 ordinationibus
653 2387 719 2426 non
738 2362 931 2429 detrahatur.
973 2362 1111 2448 Quando
1136 2369 1202 2446 igi-

194 2458 246 2509 lur
268 2469 310 2510 ex
332 2450 558 2510 beneficiorum
580 2469 848 2534 quorumcumque
877 2452 1037 2512 erectione
1052 2448 1116 2529 ¹²),
1148 2455 1201 2515 seu

192 2526 391 2607 sundatione,
412 2545 464 2594 aut
486 2534 560 2594 aliis
581 2533 868 2608 constitutionibus,
889 2535 1053 2620 qualitates
1075 2538 1200 2622 aliquae

192 2616 413 2699 requirentem
436 2616 487 2677 seu
513 2626 596 2678 certa
618 2617 688 2678 illis
711 2639 805 2678 onera
827 2618 898 2679 suut
919 2621 1065 2701 injuncte.
1086 2624 1120 2682 in
1143 2625 1201 2683 be-

192 2700 380 2762 neficiorum
403 2700 594 2776 collatione,
622 2705 673 2763 seu
703 2703 736 2762 in
760 2723 951 2791 quacumque
973 2706 1034 2766 alia
1059 2704 1200 2788 dispoli-

194 2784 302 2859 tione,
322 2785 369 2847 eis
394 2807 458 2850 non
482 2785 661 2865 derogetur.
725 2783 813 2848 Idem
837 2789 872 2850 in
888 2789 1080 2874 praebendis
1103 2794 1200 2853 tbeo-

190 2864 370 2948 logalibus,
393 2870 636 2949 magistralibus,
665 2870 895 2951 doctoralibus,
923 2887 974 2938 eut
996 2877 1201 2960 presbytera-

190 2955 291 3031 libus,
313 2954 547 3033 diaconalibus,
568 2977 602 3017 ac
623 2956 911 3033 subdiaconalibus,
940 2961 1200 3048 quandocumque

189 3039 234 3102 ite
257 3040 418 3103 constitute
441 3036 580 3116 fuerint,
610 3044 813 3118 observetur,
842 3053 876 3104 ut
898 3064 1007 3106 eorum
1033 3050 1200 3131 ‹qualitati-

191 3127 270 3198 bue,
293 3127 346 3187 vel
369 3126 534 3188 ordinibus
556 3127 640 3188 nilril
665 3126 778 3188 inulla
796 3124 1197 3211 provifione'detrabatur:

189 3220 222 3270 et
239 3211 333 3273 aliter
354 3206 433 3272 sacta
455 3210 596 3296 provisio
622 3212 805 3296 surreptitia
826 3218 998 3279 censeatur.

609 3346 688 3413 Gar.
711 3345 773 3410 VI.

116 3464 136 3495 ¹
188 3444 437 3543 [Quomodose
455 3469 582 3547 gerere.
607 3447 728 3514 debeat
760 3445 938 3536 episcopus
961 3451 1056 3520 circu
1077 3458 1199 3549 vistla-

354 3541 480 3595 tuonem
502 3533 736 3621 capitulorum
758 3542 1018 3620 excerptorum]

251 3649 369 3757 Statuit
393 3658 494 3716 lancta
517 3655 676 3736 synodus,
696 3667 732 3718 ut
756 3655 790 3717 in
813 3658 962 3720 omnibus
985 3661 1123 3722 ecclesiis
1144 3684 1198 3722 ca-

222 3831 269 3896 tt)
289 3831 451 3898 reliquerint
469 3836 558 3891 Hard.
577 3864 612 3878 -
647 3841 696 3909 12)
716 3845 887 3896 correctione
909 3841 993 3908 Virri,
1011 3841 1101 3894 [them.

224 3930 256 3997 b)
278 3930 344 3986 Satt.
362 3933 454 3987 XXll·
472 3935 510 3988 tle
527 3935 640 3995 resorm.
660 3956 684 3993 c.
701 3944 729 3998 6.
750 3978 754 3989 .
