2528 4522
74 213 149 336 1ὸὸ
213 245 592 348 App.1.aa00nett.
618 205 788 322 Tuidont.
840 246 923 319 S'eff.
945 214 1085 322 XVsII.

70 435 196 523 mittit,
226 434 326 522 ipsam
343 431 502 516 synodum
522 435 645 499 nullam
665 435 721 498 val
742 429 923 512 manifeste,
949 428 1006 499 vel
1028 454 1087 498 oo·

70 526 156 588 eolla
188 522 381 585 occasionem
429 520 638 597 uaefituram,
668 531 722 582 aut
750 522 858 608 aliqua
886 520 1086 600 auctoritate,

68 607 215 696 potantia
227 650 246 678 .,
260 607 349 689 jure,
369 541 427 668 νο)
445 605 577 683 statuto,
606 605 784 708 privilegio
806 609 931 687 legum,
952 607 1008 670 vel
1030 626 1086 707 qa-

69 703 606 860 ἒίἓιῖἱῖἰῑθῖᾎ,ἾὲῗὲἒὲἒὶἮὲῗὶ
628 692 1088 865 ξέἓὲἑῖζᾙέῧὲωἰῖῗῖῖὶῗὲἶ

68 884 142 927 rom
164 860 326 948 expressa,
348 860 384 922 in
404 860 536 946 aliquod
557 861 652 944 hujus
673 863 750 925 fidei
771 864 936 949 publicae,
958 875 991 926 et
1012 864 1088 964 ple-

67 948 214 1011 nisfimae
234 945 496 1022 assecurationis,
526 966 561 1008 ae
587 947 733 1033 publicae
755 961 788 1011 et
808 951 928 1012 liberae
950 945 1089 1014 audlan-

66 1035 152 1109 dae,
172 1033 249 1119 ipsis
295 1054 329 1094 er
352 1032 454 1116 ipsam
472 1030 628 1112 synodum
650 1032 827 1109 concessae,
847 1032 1090 1119 praejudicium,

68 1119 186 1204 quonia
206 1055 304 1181 modo
326 1119 467 1194 usuram,
489 1128 542 1179 out
564 1138 754 1203 quemquam
776 1121 826 1183 uti
847 1116 1089 1206 permissuram:

69 1203 185 1290 quibua
213 1205 249 1267 in
271 1203 329 1266 hac
350 1213 441 1289 parte
462 1223 521 1288 pro
539 1202 603 1266 hae
623 1205 696 1266 vica
718 1204 863 1287 derogat.
900 1228 903 1233 ·
930 1201 1031 1289 Quod
1063 1203 1090 1266 fi

68 1291 176 1352 sancta
196 1288 355 1370 synodus,
386 1299 441 1350 aot
460 1288 580 1375 aliquia
603 1307 646 1352 ex
665 1310 721 1368 eo,
743 1292 798 1353 vel
819 1289 886 1354 suia
906 1291 1091 1374 eujuaeum·

69 1390 132 1521 que
152 1373 369 1446 conditionis,
401 1373 455 1436 vel
476 1372 591 1450 statua,
624 1386 678 1438 aut
707 1376 982 1462 praeeminentiae
1011 1374 1090 1437 e'xi-

93 1478 169 1535 ena,
204 1458 419 1546 praescriptae
438 1457 701 1539 assecurationis,
736 1473 769 1525 et
797 1462 880 1524 salvi
909 1459 1086 1524 conductus

67 1537 229 1622 sormam,
262 1544 445 1607 atmodum
473 1545 509 1606 in
530 1565 729 1632 quocumque
749 1557 889 1631 puncto,
922 1548 975 1611 vel
997 1545 1088 1607 elau-

2 1681 6 1687 .
68 1629 138 1692 sula
160 1629 354 1704 violaverit,
385 1626 470 1713 quod
503 1639 609 1692 tamen
632 1642 776 1694 avertere
797 1633 949 1712 dignetur
970 1626 1088 1694 Omni·

67 1723 204 1801 potens,
226 1726 258 1778 at
272 1712 430 1777 sufficiens
453 1713 587 1776 emenda
609 1736 677 1779 non
698 1712 798 1779 fuerit
817 1738 896 1781 mox
917 1718 1089 1792 subsecuta,

70 1807 105 1861 et
118 1793 148 1882 ⁹)
170 1800 313 1885 ipsorum
336 1798 480 1873 arbitrio,
499 1799 616 1862 merito
639 1800 843 1886 approbanda
866 1811 898 1865 et
919 1800 1090 1878 laudande,

70 1880 209 1948 habeant
228 1886 331 1972 ipsam
353 1882 527 1964 synodum,
542 1895 580 1946 et
600 1883 716 1950 habere
738 1897 909 1974 poterunt,
940 1884 1090 1950 inuidisse

70 1967 108 2032 in
131 1988 244 2033 omnaa
265 1989 406 2056 poanaa,
440 1989 518 2055 quaa
546 1968 614 2051 jure
636 1969 752 2036 divino
780 1984 813 2036 at
833 1973 997 2049 humano,
1033 1979 1090 2033 aut

70 2055 301 2118 consuetudine
323 2054 507 2136 hujusmodi
526 2057 688 2118 salvorum
709 2058 924 2121 condoctuum
944 2057 1089 2120 violato»

70 2160 124 2204 rea
146 2144 310 2204 incurrere
325 2138 454 2226 possunt
468 2135 522 2227 1⁰),
547 2142 665 2226 absque
684 2143 775 2206 omni
799 2142 1016 2223 excusatione,
1035 2152 1089 2207 aut

73 2228 189 2316 quavis
209 2228 246 2292 in
266 2227 326 2290 hac
347 2237 437 2312 parta
457 2224 722 2294 contradictione.

313 2391 477 2483 Extenfio
497 2391 656 2458 eduliae
676 2392 847 2458 nationeo.

46 2596 53 2629 ι
135 2522 256 2588 Eadem
277 2527 469 2588 sacrosancta
489 2521 645 2622 synodus,
668 2523 704 2623 in
725 2521 849 2624 Spiritu
872 2526 982 2587 sancto
1004 2520 1091 2604 legi-

73 2623 155 2761 ἷίἑῖἓ
175 2607 1091 2775 tttfst‘tntstsstsjsitus„ssstssttstst,

75 2781 133 2873 qui
153 2780 319 2846 nobiscum
352 2779 389 2842 in
410 2779 474 2850 iia,
506 2798 586 2864 quae
607 2782 680 2843 sunt
701 2779 796 2853 fidei,
828 2780 1091 2844 communionem

74 2891 144 2935 non
162 2868 296 2943 ¹habent,
317 2887 359 2929 ex
381 2865 630 2951 quibuscumque
652 2866 759 2946 regnis
791 2865 989 2943 nationibus,
1011 2887 1112 2952 pno-v

74 2955 221 3031 vinciis,
238 2951 437 3027 civitatibus,
459 2971 493 3012 ae
517 2950 621 3026 loeis,
643 2949 678 3013 in
701 2908 814 3037 quidus
836 2948 974 3036 publica,
996 2963 1028 3031 et
1044 2947 1090 3030 11)

75 3042 210 3128 impune
233 3037 452 3125 praedicatur,
483 3035 538 3098 vel
559 3036 707 3112 docetur,
741 3036 807 3098 five
840 3034 980 3121 creditor
1009 3057 1091 3099 con-

75 3128 212 3190 trarium
233 3126 317 3207 ejus,
348 3122 433 3211 quod
454 3126 559 3186 sancta
579 3120 722 3186 Romana
743 3122 839 3187 sentit
860 3121 1005 3199 ecclesia,
1039 3120 1092 3184 dat

75 3212 175 3275 fidem
197 3213 372 3296 publicam,
402 3208 468 3271 five
494 3208 618 3272 salvum
647 3205 858 3283 conductum,
893 3208 950 3270 sub
981 3203 1090 3269 eadem

56 3289 199 3376 souma,
221 3306 253 3359 et
273 3295 396 3360 eisdam
417 3291 542 3373 vorbis,
562 3295 677 3381 quibua
697 3291 789 3356 datur
803 3289 986 3358 Germanis.

79 3449 522 3490 Μ

114 3543 144 3608 9)
163 3551 255 3595 etum.
273 3542 307 3597 R.
328 3539 400 3598 Vas„
415 3543 491 3595 Rom.
507 3541 565 3607 M„
582 3537 657 3603 nit,
676 3534 780 3598 Hand,
798 3535 871 3611 Oltis.
889 3565 923 3577 -
961 3541 1007 3606 10)
1028 3536 1093 3607 pos·

116 3613 167 3668 sant
184 3614 220 3664 R.
241 3612 304 3667 Vae.
317 3639 353 3652 -
387 3612 436 3680 11)
454 3623 501 3665 aut
514 3630 567 3681 pro
585 3622 612 3665 et
630 3610 706 3665 Brix.

114 3733 138 3797 t)
157 3725 441 3786 Cono.Constantieos.
455 3744 518 3796 gen.
530 3727 587 3783 sess.
598 3734 641 3788 19.
659 3731 690 3780 io
709 3743 767 3794 cap.
804 3725 946 3796 Quodnam
960 3723 1090 3792 obstanti-

118 3802 167 3856 bua
180 3800 269 3870 salvia
286 3799 406 3853 conduct.
425 3811 477 3851 etc.
499 3799 596 3865 (Mansa
614 3801 648 3853 T.
657 3799 780 3852 Xtht.
797 3815 825 3866 p,
842 3798 923 3862 799.)
935 3796 1023 3850 Cone.
1041 3794 1090 3847 Se-

119 3875 201 3928 nente
222 3892 246 3928 a.
265 3877 344 3930 ttoa.
368 3867 416 3934 (ab.
437 3870 471 3926 T.
481 3871 615 3923 xxvnt.
636 3870 783 3936 p.1079-)‚
810 3867 848 3923 or.
865 3869 951 3921 conc.
972 3867 1051 3921 nant.
1067 3884 1090 3918 a.

119 3953 198 4007 1431.
216 3943 275 3998 sess.
288 3944 338 3996 tv.
356 3940 421 3996 tatv.
439 3941 565 3995 conduct.
578 3941 690 3997 Bobent.
709 3941 758 4006 (ib.
768 3942 802 3994 T·
809 3940 919 3994 xx1x.
936 3956 963 4008 P·
972 3938 1090 4007 tttqqn
