2528 4522
89 278 133 374 fit
186 214 203 323 -Ι
255 237 481 334 'necruum
507 212 861 335 tesra‘forrootiooo.
904 288 908 293 '
1006 277 1078 348 tat
1151 306 1157 313 ·

64 453 100 507 et
127 445 263 528 probate
294 441 620 522 obstrecontigorin
653 442 809 510 vicarium
837 441 1010 524 idoneum,
1039 448 1079 513 eb

62 531 137 613 ipso
160 528 324 593 ordinario
346 525 608 612 approbandum,
636 549 707 592 cem
722 529 829 594 debite
850 532 1007 595 mercedis
1029 537 1082 597 es·
1140 597 1143 613 ,

62 615 243 694 signatione
275 614 469 698 relinquant.
522 612 732 678 ·Discedendi
753 628 875 680 ¹tutem
914 616 1079 684 licentiam
1161 690 1165 695 ,

62 701 99 761 in
121 699 252 783 scriptia
272 701 434 797 gratisque
456 697 699 801 concedendum
722 701 806 765 ultre
828 701 970 765 birnottre
993 714 1078 767 tem·
1160 708 1165 721 '

63 783 1078 954 {sitistit‘ttttst.tt¹,tll.ttttt.‚sitibit:

61 951 203 1030 suerint,
224 957 360 1017 liberum
383 953 445 1017 else
467 954 539 1016 vult
560 954 749 1030 ordinariis,
780 978 837 1041 per
855 961 1002 1020 censuros
1023 979 1079 1021 ec-

62 1038 262 1113 clesiasticas,
297 1050 329 1102 et
348 1038 640 1125 sequestrationem,
671 1049 704 1102 et
729 1041 973 1105 subtractionem
1006 1037 1078 1106 sru-

61 1136 187 1200 ctourn,
214 1126 338 1210 aliaque
366 1125 445 1207 juris
473 1124 635 1200 remedia,
666 1126 763 1189 etiam
787 1146 885 1213 usque
907 1126 946 1190 ed
963 1128 1077 1213 prive-

60 1211 210 1285 tiouem,
227 1210 441 1294 cotnpelle‘re3
475 1231 533 1272 nec
553 1211 778 1274 executionem
797 1213 898 1288 benc,
932 1214 1078 1298 quolibet

60 1295 260 1381 privilegio,
286 1296 437 1370 licentia,
468 1289 704 1372 familiaritate,
734 1297 961 1382 exemptione,
979 1301 1076 1362 etiem

60 1381 192 1442 ratione
212 1383 435 1466 cujuscumque
455 1381 621 1456 beneficii,
643 1380 812 1464 pactione,
833 1382 956 1459 statuto,
977 1383 1076 1448 etiam

60 1465 260 1548 juramento,
284 1467 332 1527 vel
353 1485 549 1551 quacumque
569 1466 756 1530 auctoritate
774 1468 974 1544 confirmato,
996 1489 1078 1529 oon·

61 1551 229 1613 suetudine
245 1551 344 1612 etiam
368 1551 632 1626 immemorabili,
662 1571 742 1638 quae
763 1552 872 1636 potius
895 1555 1077 1636 corruptela

61 1633 216 1704 censenda
236 1635 287 1713 etl,
306 1637 371 1697 live
386 1633 414 1715 ὅ)
427 1636 656 1719 appellatione,
678 1648 732 1699 aut
746 1637 954 1713 inhibitione,
977 1640 1075 1701 etiam

62 1721 98 1782 in
119 1719 266 1782 Romana
293 1720 400 1798 curia,
434 1721 488 1781 vel
521 1722 634 1799 vigore
654 1719 900 1802 b>lingonicum
921 1724 1076 1786 constitu-

60 1806 172 1867 tionis·
186 1804 336 1890 suspendi
358 1803 458 1891 posse.
517 1803 695 1883 Postremo,
724 1819 788 1871 tam
811 1808 969 1870 decretum
991 1807 1076 1870 illud

60 1892 117 1953 sub
139 1889 281 1967 ⁰)Paulo
302 1887 382 1967 llI.‚
415 1911 507 1976 quom
530 1891 592 1952 hoc
620 1892 725 1974 ipsum
760 1893 796 1956 in
823 1893 972 1955 conciliis
994 1914 1077 1976 pro·

60 1976 276 2048 vincielibue,
295 1987 328 2037 et
348 1975 582 2060 episcopalibus
602 1978 774 2059 publicari,
807 1981 911 2040 sancte
933 1978 1087 2057 synodue'
1164 2042 1172 2049 ,

58 2061 231 2147 proecipit.
286 2058 383 2146 Cupit
405 2063 511 2136 enirn,
545 2080 625 2147 quae
646 2062 725 2125 edeo
757 2082 799 2124 ex
820 2062 978 2148 passorum
999 2083 1075 2126 mu·

59 2138 138 2209 ne're
156 2148 398 2231 animorumque
419 2148 519 2208 salute
534 2150 623 2216 sunt,
646 2142 831 2232 {requenter
851 2148 995 2210 omnium
1015 2160 1088 2209 au-¹

58 2232 168 2308 ribus,
204 2234 426 2315 mentibusque
457 2231 571 2309 infigi,
604 2242 639 2290 ut
667 2231 702 2294 in
724 2231 896 2315 posterum,
925 2229 996 2293 Deo
1022 2232 1075 2311 ju-

57 2327 176 2393 vente,
211 2318 296 2379 nulla
328 2328 511 2397 temporum
539 2314 676 2395 injuria,
703 2325 759 2377 aut
789 2314 961 2378 bominum
989 2316 1075 2378 obti-

56 2401 177 2479 vione,
198 2415 250 2464 aut
271 2399 479 2464 desuetudine
500 2400 697 2463 aboleantur.

502 2562 582 2630 Car.
602 2563 647 2630 II.
680 2582 688 2604 ·

55 2681 234 2777 [Euclefiis
248 2678 425 2771 praefecti
444 2679 716 2772 consecrationis
730 2704 858 2750 munus
881 2676 980 2751 intro
1001 2695 1073 2750 tres

56 2764 422 2861 monfensztscipiann
444 2765 655 2863 consecratio
670 2790 735 2856 quo
748 2767 822 2835 loco
840 2769 1072 2858 peragendo]

120 2893 312 2976 linteatae.)
333 2893 567 2958 cathedralibus
588 2886 642 2958 seu
664 2895 893 2980 superioribus,
915 2913 1073 2979 quocum·

54 3004 119 3072 que
140 2983 292 3053 nomine,
313 3002 355 3043 ac·
371 2981 469 3042 titulo
492 2976 670 3064 praesecti‚
699 2981 797 3044 etiam
817 2982 841 3042 si
859 2984 984 3043 sanotae
1001 2975 1073 3040 lto·

51 3089 170 3133 menae
190 3067 334 3130 ecclefiae
356 3065 532 3128 cardinales
552 3067 634 3143 sint,
665 3067 689 3127 st
716 3087 832 3129 munus
857 3061 1074 3126 consecratio·

53 3158 109 3219 nis
138 3151 225 3217 intra
250 3163 317 3214 tres
345 3154 470 3215 coenses
501 3173 568 3214 non
591 3152 808 3236 susceperint,
840 3148 878 3211 ad
913 3143 1088 3233 sructuum*

54 3250 281 3327 perceptorum
299 3236 529 3300 resitutionem
546 3248 724 3301 teneantur.
767 3235 804 3298 Si
824 3233 909 3305 intra
935 3231 1073 3301 totidem

59 3386 501 3404 ,W

90 3419 122 3534 2)Ι
139 3430 224 3522 eti-orn
242 3483 292 3518 om.
308 3431 399 3519 Horti.
419 3491 451 3503 —
488 3469 516 3529 3)
536 3460 590 3514 sine
605 3477 655 3529 pro
674 3456 728 3511 sive
746 3455 806 3511 eod.

89 3574 118 3642 b)
134 3574 242 3642 Eugeu·
260 3572 310 3624 tv.
332 3588 356 3622 a·
374 3576 455 3631 1432.
473 3566 622 3632 Extrera'g·
639 3578 782 3615 commun.
795 3560 827 3614 L.
845 3562 883 3614 V.
901 3564 942 3616 tir.
963 3568 990 3622 7.
1008 3565 1071 3620 na.
1187 3628 1188 3633 ἵ

89 3670 126 3688 ·-
161 3643 188 3709 c)
206 3640 334 3696 Semel.
353 3639 388 3693 de
406 3640 562 3692 reformo.
582 3644 654 3694 1.·-
690 3631 804 3699 mser.
822 3631 1071 3686 Vllderesorm.

90 3734 114 3770 c.
132 3721 158 3776 9.
177 3714 264 3767 Cone.
282 3711 410 3766 chalced.
428 3729 453 3764 o.
473 3716 534 3769 451.
560 3722 618 3758 can.
639 3709 683 3764 95.
701 3702 800 3767 (Munsr
818 3704 851 3758 T.
873 3705 935 3755 vlt.
953 3719 979 3768 p.
997 3701 1072 3765 380.)

15 3840 17 3846 -
89 3788 226 3839 errtat.
244 3802 269 3836 ὓ·
286 3789 347 3844 838.
366 3799 425 3834 0³¹¹·
444 3786 490 3841 76·
508 3778 559 3845 (fl)-
578 3778 611 3830 T·
630 3777 695 3828 XV·
714 3790 741 3839 P·
759 3777 831 3838 852.)
850 3775 974 3828 Gratiae.
992 3772 1073 3823 Dect.
1120 3825 1122 3829 y
1242 3843 1248 3862 ἱ

89 3858 122 3913 Ρ.
143 3858 163 3910 Ι.
187 3851 246 3911 dist.
264 3859 319 3914 75.
334 3870 360 3909 o.
373 3862 402 3912 2.
427 3846 486 3904 diss.
504 3857 566 3909 100.
589 3863 615 3902 c.
638 3854 663 3904 1.
687 3845 754 3898 coll.
781 3861 860 3898 conc.
877 3847 1028 3899 llerennat.
1048 3858 1072 3891 a.

92 3933 154 3990 877.
172 3943 234 3981 cau.
251 3933 268 3985 1
286 3922 325 3993 sq.
343 3921 442 3990 (Menti
459 3922 494 3975 Τ.
510 3919 603 3974 Xlt'll.
621 3917 734 3985 nest.)
802 3997 844 4061 Ι.
