2528 4522
113 1040 117 1053 '
192 1040 1172 1231 3'41nbdx·n1.uE³Re>1t11U'S·''z.-z

191 1388 254 1444 ·i1i¹.

192 1496 199 1511 ’
241 1490 524 1563 'heaa'Sirieaouuu
544 1492 678 1572 quotquot
694 1484 757 1560 to't‘b'
770 1496 833 1561 brba
853 1486 989 1573 eblnhtur,
1014 1498 1058 1559 r'el
1075 1521 1094 1559 a
1115 1496 1205 1559 catho-

186 1582 244 1636 licia
270 1579 434 1649 scriptoribus
457 1579 632 1630 celebrantur,
661 1592 728 1645 quae
750 1596 787 1632 ex
811 1583 896 1633 latinia
930 1587 956 1632 et
985 1578 1110 1644 graceio,
1140 1579 1205 1630 alia·

188 1668 296 1719 nnnnque
326 1651 441 1716 gentium
472 1649 582 1715 antiquie
616 1655 786 1703 monumentis
819 1652 937 1717 collegit,
979 1649 1104 1714 digessit,
1136 1651 1204 1703 aotir

186 1722 319 1778 illustravit
352 1721 506 1772 ioanuea
540 1719 731 1773 Bollandua
762 1721 815 1776 soc.
850 1723 911 1775 Jelh
948 1720 1104 1786 theologus,
1151 1722 1204 1774 ser-

188 1802 248 1846 rata
274 1791 424 1861 primigenia
448 1789 599 1857 scriptorum
626 1788 718 1858 phrah.
771 1795 884 1862 Operam
909 1799 936 1845 et
960 1792 1068 1845 studium
1092 1794 1204 1845 contulit

188 1861 405 1918 Godesrldua
426 1860 669 1915 ssenschenlua
686 1863 770 1929 ejnrd.
796 1865 884 1918 lbciet.
911 1864 1056 1930 theologua.
1110 1864 1203 1917 Prodit

186 1953 255 1991 nune
285 1933 385 1986 duobua
411 1933 487 1985 tomia
513 1933 658 1988 lanuariur.
711 1934 739 1986 in
766 1951 818 2002 quo
846 1935 982 1990 Mcuxx.
1009 1935 1202 1988 nominatorum

187 2011 345 2070 sanctorum,
372 2012 399 2057 et
426 2006 532 2056 allorum
562 2005 779 2065 innumerabilium
808 2009 946 2071 memoria,
972 2007 1012 2058 vel
1039 2023 1083 2058 rea
1115 2009 1204 2074 gestae

185 2081 348 2135 illustrantur.
403 2075 490 2128 Ceteri
509 2074 607 2128 mensae
625 2090 658 2128 ex
676 2078 764 2130 ordine
781 2077 972 2145 subsequentur.
1029 2079 1203 2147 Arrtverpiaa

186 2152 255 2220 apud
266 2151 390 2202 Joannern
399 2145 547 2201 Menrhnnr.
561 2151 758 2205 testeum.
795 2149 924 2204 Daniel.
952 2152 1018 2216 Pap
1028 2148 1177 2203 ebrocini
1184 2164 1202 2201 o

188 2232 216 2278 et
241 2224 299 2274 aliia
324 2220 501 2288 Bollandistia,
533 2220 576 2285 qun
603 2227 741 2288 voantur,
772 2223 920 2275 continuata
950 2236 1032 2289 unqua
1057 2219 1092 2272 ad
1118 2219 1203 2278 ruens.

188 2295 296 2349 Octobr.
317 2292 393 2344 Tum.
413 2289 544 2344 l-Llll.
562 2290 608 2342 sol.

258 2370 407 2417 Ancnruua.
504 2386 510 2396 .

257 2436 335 2486 Beati
354 2433 439 2486 Flacci
459 2432 542 2484 albini
561 2429 605 2483 seu
623 2431 762 2486 alcuini
781 2433 889 2496 abbatia,
908 2433 994 2487 Caroli
1015 2432 1108 2500 Magni
1128 2433 1201 2499 regia

185 2524 217 2560 ac
235 2506 394 2572 imperatoria
422 2503 531 2567 magistri
551 2503 647 2568 Opera·
695 2505 755 2555 Posi
780 2509 886 2574 primam
913 2508 1065 2568 editionem,
1098 2521 1116 2556 a
1143 2508 1200 2558 vire

185 2577 327 2629 claritis).
348 2573 448 2625 andrea
468 2576 632 2627 Quercetano
650 2584 780 2640 curatam,
809 2579 842 2629 de
866 2595 933 2629 nuovo
959 2578 1083 2635 collecta,
1109 2579 1200 2630 multia

184 2648 250 2700 lucia
269 2644 417 2699 emendata,
436 2653 463 2694 et
480 2642 609 2710 opnl'cuna
627 2645 734 2711 primum
753 2651 862 2714 repertis
880 2650 1015 2716 plurimum
1036 2654 1133 2712 aucta,
1152 2665 1201 2701 na-

183 2721 281 2784 riiaque
299 2715 380 2769 modia
397 2715 518 2766 illustrata
536 2730 598 2765 cura
618 2721 645 2767 et
663 2717 743 2768 studio
761 2719 947 2785 Frobenii,
973 2721 1003 2772 S.
1019 2719 1052 2771 tt.
1070 2720 1097 2773 J.
1126 2720 1200 2785 prin-

184 2791 250 2857 cipia
268 2796 295 2841 et
315 2788 416 2840 abbatie
439 2787 471 2838 ad
492 2788 520 2839 S.
540 2785 738 2840 Erumeramunn.
793 2790 977 2854 Ratiehonoe,
1000 2794 1077 2843 liii.
1098 2788 1200 2843 Literie

184 2862 290 2914 Joannia
315 2857 448 2912 Michaelis
474 2856 612 2924 Englerth,
645 2860 920 2930 aulico-episcopalia,
951 2870 978 2915 et
1003 2862 1151 2914 monasterii
1169 2863 1200 2916 S.

187 2931 345 2987 Emmeranai
364 2928 527 2997 typographi.
552 2928 627 2980 Tomi
646 2928 680 2984 11.
700 2932 724 2983 in
744 2936 761 2984 4
780 2933 853 2987 Voll.¹
866 2933 911 2988 sol.

352 3002 385 3053 Τ.
405 3001 443 3053 lle
479 3002 522 3051 De
540 2999 637 3050 divinia
655 3001 749 3069 officiis
767 3002 839 3056 liber.

255 3075 421 3127 hunuanoan
441 3071 461 3126 l.
480 3072 511 3126 P.
532 3072 568 3122 Μ.
585 3071 710 3138 epistolae
730 3075 755 3126 in
773 3075 935 3129 collectione
949 3074 1124 3128 concinorum
1140 3090 1198 3128 am-

183 3144 295 3214 piissima
313 3148 339 3199 J.
358 3146 390 3197 D.
408 3143 497 3196 Maoh·
532 3141 565 3194 T.
586 3142 606 3194 1.

256 3221 395 3270 nanuum
415 3214 578 3266 Foaaonnnn
603 3213 722 3266 Meranda
742 3213 858 3283 diaconi,
883 3215 916 3268 ad
935 3215 1095 3269 Ludovicurn
1118 3215 1199 3270 Pium

182 3289 365 3353 imperatorem
392 3285 423 3336 cle
448 3282 624 3350 ecclesiastico
651 3284 736 3352 officio
764 3288 843 3342 libelli
872 3283 997 3356 quatuor,
1024 3289 1051 3342 ill
1076 3287 1198 3342 Mutua

185 3357 349 3412 Bibliotheca
366 3360 471 3411 Petrum
489 3355 522 3411 Τ.
542 3355 613 3410 xlv.
632 3373 658 3424 p.
673 3356 787 3427 bildsqq.

256 3433 421 3483 Anaaorrue.

255 3502 343 3554 Sancti
363 3497 532 3553 Ambrosii
557 3496 751 3550 Mediolanenlia
776 3498 889 3567 episcopi
910 3501 1015 3570 Opera,
1040 3499 1073 3552 ad
1100 3515 1198 3569 mauuf

185 3571 291 3640 scriptor
309 3571 412 3625 codieea
430 3570 582 3632 vaticanos,
610 3570 773 3630 Gallicanos,
800 3572 935 3637 Belgicus,
961 3581 1011 3627 etc.
1038 3588 1141 3626 necnon
1161 3576 1196 3628 ed

183 3645 309 3698 editiones
327 3653 427 3695 veterae
445 3641 593 3699 amendata,
620 3641 699 3692 studio
724 3648 750 3693 et
776 3643 864 3696 labore
882 3643 1121 3697 monachorum
1142 3663 1199 3698 or-

184 3715 274 3769 dinis
292 3718 321 3768 S.
339 3713 536 3773 benedicti,
553 3727 568 3763 e
585 3714 787 3778 congregatione
804 3716 832 3768 S.
853 3716 946 3771 Mauri.
981 3713 1107 3781 Potistia.
1126 3717 1195 3770 T.1.

184 3792 263 3840 1686.
282 3787 315 3840 Τ.
334 3786 367 3840 ll.
387 3789 465 3837 1690.
483 3784 550 3850 typia
572 3788 598 3834 et
622 3781 744 3836 sumtibus
763 3785 888 3839 Jolrannia
905 3787 1033 3854 Baptistae
1050 3787 1197 3852 Colgnard,

183 3861 255 3924 regia
273 3855 440 3927 typographi,
457 3869 488 3907 ac
507 3853 661 3919 bibliopolae
681 3855 817 3912 ordinarii,
832 3860 872 3910 via
891 3860 919 3911 S.
937 3858 1045 3914 iacobi,
1076 3856 1125 3911 inb
1143 3859 1198 3914 Bi-

183 3928 244 3982 bliia
262 3933 355 3983 auceia.
392 3929 456 3982 Cum
476 3925 611 3993 privilegio
629 3923 717 3981 sacrae
735 3929 823 3997 regiae
837 3930 981 3996 majestatie.
1000 3929 1044 3983 sol·
