2528 4522
45 315 50 326 .
183 284 260 362 238
394 267 488 369 App.
504 271 533 343 1.
554 271 601 343 erl
625 270 763 383 concil
788 269 954 351 tndem.

550 496 554 503 -
650 452 716 521 IV.

162 510 264 629 tit.
292 556 324 626 1.
342 552 584 634 Decretalium
607 551 774 643 linger..
807 554 865 624 tit.
896 559 930 628 6.
958 553 1003 622 de
1029 553 1196 625 electione

505 647 541 703 et
559 637 661 704 electi
676 638 852 726 potestate.

474 739 553 809 Gur.
574 739 653 804 VII.
674 747 762 819 (ann.
787 742 895 824 1177.)

243 818 322 894 Cum
340 827 376 892 in
397 829 561 908 ¹)onnotis
588 827 683 890 leeris
713 827 896 908 ordinibus,
930 838 964 891 et
983 827 1195 892 ecelesiasticis

181 915 384 990 ministeriis,
401 915 461 976 tint
481 913 593 976 aetatis
614 913 797 990 maturitas,
817 902 1127 995 gratissumum,
1162 929 1196 978 et

180 1004 361 1065 litterarum
388 998 519 1063 scientia
547 996 757 1083 inquirenda3
786 1001 890 1063 multo
920 995 1039 1063 fortius
1060 999 1095 1062 in
1119 1001 1196 1086 epi-

179 1091 276 1172 lcopo
298 1086 376 1148 haec
397 1094 527 1170 oportet
542 1084 683 1170 inquiri:
703 1083 758 1170 qui
779 1083 817 1148 ud
839 1105 945 1149 curum
968 1086 1107 1148 aliorum
1128 1107 1195 1171 po—

179 1172 275 1250 litus,
319 1171 354 1233 in
383 1172 487 1254 seipso
518 1167 611 1233 (lebet
643 1167 823 1242 ostendere,
864 1171 1000 1257 qualiter
1034 1171 1119 1232 alios
1155 1172 1194 1234 in

180 1257 277 1321 doum
299 1254 362 1318 Dei
387 1264 533 1341 oporteat
554 1254 747 1318 conversari.
788 1253 986 1341 Eapropter,
1019 1276 1072 1329 ne,
1106 1255 1194 1342 quod

179 1343 219 1406 de
241 1338 428 1428 quibusdam
450 1361 508 1424 pro
530 1339 706 1404 neoelfitete
728 1341 884 1427 temporis
904 1336 1022 1408 sactum
1045 1340 1099 1414 eli,
1124 1352 1194 1404 tra-

178 1429 273 1491 hetur
292 1449 311 1488 a
332 1425 463 1511 posteris
482 1425 519 1488 in
539 1428 741 1509 exemplum,
762 1426 921 1511 praesenti
939 1426 1066 1489 decreto
1080 1424 1193 1488 stetui-

178 1533 267 1588 mus,
298 1523 332 1574 ut
362 1512 472 1574 nullus
501 1511 536 1573 in
565 1511 749 1597 episcopum
780 1513 935 1592 eligatur,
964 1510 1024 1573 nili
1052 1511 1109 1597 qui
1128 1511 1191 1594 jam

176 1597 368 1661 tricesimum
390 1616 509 1659 annum
527 1596 640 1658 aetatis
657 1597 812 1677 exegerit,
835 1609 867 1660 et
888 1593 1096 1677 de'legitimo
1117 1618 1192 1658 rua-

135 1748 143 1763 ,
177 1683 334 1745 trimonio
355 1680 393 1741 lit
415 1693 527 1743 natus:
548 1680 604 1766 qni
624 1681 722 1745 etiam
743 1681 812 1746 vitu
833 1693 866 1746 et
882 1676 1193 1749 scientio‘oornmen-

179 1766 296 1832 dabilis
318 1764 557 1828 demonstretur.

488 1881 580 1950 Ibid.
603 1888 633 1968 §.
652 1879 834 1970 Inferiore
853 1896 886 1960 2.

242 1983 402 2054 Inferiore
432 1984 574 2072 b)0tiam
603 1985 794 2067 ministeria,
822 2002 858 2052 ut
883 1998 961 2075 puta
992 1986 1191 2069 deonantum,

176 2074 477 2150 archidiaconatum,
497 2085 530 2138 et
551 2073 629 2151 elie,
649 2090 729 2158 quae
747 2093 852 2137 curam
872 2076 1049 2138 mimarum
1070 2076 1191 2142 habent

40 2150 47 2177 ⁸
175 2182 354 2238 annexam,
389 2162 498 2223 nullus
520 2159 652 2223 omniuo
674 2158 842 2243 suscipiat,
862 2159 916 2223 led
939 2179 997 2223 neo
1016 2161 1190 2246 parochia-

174 2249 219 2312 lis
237 2247 382 2313 eccleline
402 2247 562 2328 regimen,
595 2245 655 2308 nili
675 2245 731 2330 qui
750 2245 813 2327 jam
830 2245 1017 2326 vigefimnm
1039 2247 1190 2333 quintum

175 2355 294 2398 annum
322 2333 434 2396 aetatis
462 2331 626 2412 attigerit,
657 2341 690 2393 et
718 2330 848 2394 scientia
881 2341 914 2393 et
933 2331 1077 2394 moribus
1097 2355 1190 2396 corna

175 2418 373 2482 mandandus
407 2417 534 2479 existat:
573 2438 644 2489 cum
676 2427 782 2477 autern
814 2413 988 2501 ellumptus
1014 2412 1131 2499 luerit,
1163 2420 1189 2482 fi

175 2503 417 2567 archidiaconus
448 2500 483 2563 in
505 2501 690 2576 diaconum,
713 2511 745 2563 et
765 2498 912 2574 decenne,
934 2513 967 2564 et
987 2502 1106 2589 reliqui
1128 2503 1188 2566 ed-

136 2620 143 2643 .
173 2587 294 2649 moniti
316 2605 381 2647 non
403 2580 532 2659 fuerint,
556 2586 698 2669 praefixo
730 2586 942 2649 acanonibns
970 2596 1117 2674 tempore
1147 2590 1186 2654 iu

171 2667 377 2756 preffoyteroe
399 2665 556 2744 ordinati,
590 2679 623 2730 et
653 2668 691 2731 ab
724 2667 781 2729 isto
808 2683 1034 2735 removeantur
1064 2673 1187 2754 officio,

172 2766 205 2819 et
226 2755 299 2816 aliis
321 2749 542 2833 conferatur,¹
572 2753 605 2815 ni
628 2765 660 2815 et
681 2754 785 2817 velint
807 2766 839 2817 et
860 2758 977 2842 polfint
997 2757 1080 2820 illud
1103 2781 1185 2822 con-

174 2841 342 2905 venienter
364 2839 510 2924 implero.
549 2773 626 2901 lter
647 2840 745 2924 profit
771 2839 819 2902 eis
840 2841 1071 2930 appellationis
1093 2838 1146 2908 ref
1166 2878 1186 2896 -

170 2927 278 3010 gium,
314 2924 338 2986 fi
365 2923 450 2986 sorte
475 2923 510 2986 in
536 2924 767 2987 constitutionis
789 2925 881 3007 ³illius
904 2929 1183 3008 transgresionem

170 3035 230 3100 por
253 3010 503 3097 appellationem
525 3010 689 3073 voluerint
713 3013 745 3073 le
768 3013 863 3074 tueri.
928 3011 1000 3076 Hoc
1019 3017 1093 3078 sene
1113 3037 1183 3079 non
1249 3089 1252 3095 ¹

170 3100 274 3164 l’olum
306 3095 346 3160 de
374 3094 620 3181 proruerendis,
650 3095 824 3160 sedetiam
857 3095 896 3159 de
924 3097 998 3178 his,
1029 3102 1086 3185 qni
1117 3101 1181 3182 jam

169 3183 314 3268 promoti
334 3186 422 3260 lunt,
452 3181 477 3244 fi
505 3200 643 3246 canones
669 3203 737 3247 non
770 3180 928 3263 obliilant,
963 3185 1179 3272 praecipimus

172 3268 344 3332 oblatrari.

140 3362 144 3367 .
648 3351 695 3416 V·
768 3402 772 3409 ‚
800 3359 817 3387 χ

168 3415 249 3521 ere]
267 3454 339 3600 rrr.
357 3453 533 3522 nearent.
556 3452 787 3606 &mx
804 3457 835 3528 4.
864 3455 908 3524 re
938 3457 1076 3600 ozerroa
1108 3481 1178 3524 non

462 3537 621 3690 Gumrleff.
643 3629 733 3705 (anm
756 3627 865 3705 1179.)

231 3704 360 3791 Quinc)
387 3712 539 3774 nonnulli
567 3709 697 3776 modurn
726 3715 880 3777 avaritiae
910 3733 978 3775 non
1008 3706 1177 3799 ponentes,

169 3824 605 3844 m

199 3878 226 3944 e)
244 3877 285 3931 Ad
307 3877 361 3935 retr,
380 3880 441 3932 Vll.
468 3877 513 3932 de‘
527 3881 640 3934 reform.
658 3896 682 3935 o.
699 3890 726 3941 1.
744 3909 780 3923 -
798 3912 800 3916 »
821 3881 852 3949 b)
871 3879 914 3936 Ad
933 3880 989 3936 rest.
1008 3883 1119 3940 XXIV.
1138 3883 1173 3937 tle

101 4030 104 4036 Ι
198 3948 310 4003 relorrn.
328 3957 411 4010 o.12.
430 3976 465 3988 -
500 3950 527 4016 c)
545 3951 589 4046 Atl
607 3949 663 4006 retr.
683 3955 743 4009 vlt.
760 3955 794 4010 tle
812 3954 928 4012 reform.
944 3970 969 4013 c.
988 3959 1015 4016 3.
