2528 4522
82 306 88 315 Ι
283 218 480 291 Decretum
508 222 554 291 de
577 221 850 297 reformatione.
1031 237 1081 309 81

59 422 137 467 rum
165 415 415 480 manuteneant,
448 413 481 466 et
509 406 715 479 conservent,
749 425 851 489 neque
884 409 978 492 super
1010 407 1082 474 illie

59 509 118 551 θοι
141 489 302 552 molestari
325 490 529 576 permittant,
560 484 721 579 ejusmodi
752 491 877 552 litteras
908 493 941 554 in
964 494 1082 576 pleris-

47 586 258 720 ¹quecoutra
285 575 489 639 concedentis
512 589 653 637 mentem
690 577 723 638 in
756 578 928 674 reprobum
955 582 1081 645 sensum

83 670 292 746 etorqueant:
324 662 443 723 idcirco
465 660 589 723 nemini
612 662 765 737 omnine,
788 665 1100 749 culuscu1nquedi-,

58 746 213 824 gnitatis,
245 755 277 808 et
299 746 497 808 conditionis
522 746 576 829 fit,
609 747 705 808 etiam
728 745 751 805 fi
774 748 948 830 capitulum
972 745 1081 825 luerit,

59 830 318 892 conservatoriae
342 833 470 894 litterae
490 853 559 893 cum
575 833 822 917 quibuscumque
843 833 1006 910 clausulis,
1026 849 1081 898 aut

58 914 218 992 decretis,
252 928 284 978 et
308 913 353 1000 11)
383 934 655 1004 quorumcumque
691 916 831 999 judicum
859 918 1079 1003 deputatione,

57 1022 261 1087 quocumque
282 1003 380 1064 etiarn
402 1003 468 1064 alio
491 1015 678 1086 praetextu,
711 1012 764 1063 aut
787 1001 897 1064 colore
919 1004 1079 1069 concessae

10 1090 14 1111 *
56 1087 273 1167 suffragentur
295 1087 332 1148 ad
356 1088 434 1167 hoc,
466 1099 501 1149 ut
525 1109 631 1149 curam
655 1092 710 1150 suo
732 1087 900 1173 episcopo,
923 1090 988 1152 live
1011 1093 1077 1154 alio

56 1175 229 1257 superiore
251 1172 415 1234 ordinario
440 1172 475 1235 in
500 1173 730 1246 criminalibus,
751 1184 783 1234 et
799 1170 842 1255 12)
865 1173 982 1236 mixtio
1004 1197 1080 1240 cau-

56 1256 99 1319 sis
119 1260 278 1333 accusari,
305 1270 338 1320 et
359 1258 546 1335 conveniri,
580 1280 616 1320 ac
641 1269 751 1318 contra
773 1278 845 1319 eum
867 1260 1014 1344 inquiri,
1047 1273 1080 1326 et

28 1348 33 1355 '
56 1341 194 1428 procedi
215 1365 282 1405 non
302 1343 416 1424 polfit3
451 1353 522 1419 aut,
553 1366 616 1428 quo
636 1344 743 1404 minus
767 1343 788 1402 fi
811 1365 870 1429 qua
892 1345 958 1426 jura
981 1347 1012 1408 ei
1034 1368 1078 1412 ex

58 1428 199 1492 cessione
221 1422 469 1512 competierin‘t,
501 1432 595 1512 super
624 1429 693 1489 illis
724 1429 824 1488 libere
857 1431 962 1490 valeat
993 1433 1077 1515 apud

55 1512 195 1597 judicem
216 1513 416 1575 ordinarium
433 1513 614 1576 conveniri.
655 1512 694 1575 In
715 1514 866 1575 civilibus
883 1515 981 1577 etiam
1002 1537 1078 1578 cau-

57 1600 98 1661 fis
119 1599 236 1685 fiipse
254 1610 342 1662 actor
363 1599 536 1673 exstiterit,
567 1600 706 1684 aliquem
739 1600 770 1659 ei
796 1597 879 1684 apud
897 1598 975 1662 'suos
996 1623 1078 1664 con-

58 1688 238 1747 servatores
265 1684 385 1767 judices
415 1687 451 1746 in
480 1683 633 1766 judicium
659 1683 785 1746 trahere
815 1684 952 1748 minime
971 1686 1078 1750 liceat.

60 1767 158 1853 Quod
180 1770 261 1833 fi‘in
283 1771 326 1831 iis
346 1770 459 1843 caulis,
481 1772 516 1832 in
540 1770 652 1854 quibus
674 1770 744 1853 ipse
765 1790 839 1832 reue
860 1765 979 1849 suerit,
1000 1794 1076 1835 con·

60 1856 193 1936 tigerit,
208 1904 213 1913 .
226 1865 263 1916 ut
285 1858 411 1918 electus
434 1857 471 1917 ab
493 1876 532 1916 eo
552 1854 757 1916 conservator
778 1856 816 1915 ab
838 1867 944 1917 actore
964 1862 1078 1942 suspe-

10 2002 13 2013 ,
62 1952 127 2003 etus
150 1938 215 2003 else
236 1940 378 2018 dicatur,
406 1952 459 2002 aut
481 1941 504 2000 fi
527 1961 587 2024 que
610 1940 694 2001 inter
716 1940 804 2023 ipsus
825 1939 967 2020 judices,
996 1964 1077 2006 con-

63 2029 272 2100 servatorem,
303 2037 336 2088 et
364 2026 564 2088 ordinarium
592 2026 806 2087 controversia
828 2030 923 2110 super
944 2048 1077 2111 compe-

39 2112 161 2175 ·teutsu
188 2111 423 2193 jurisdictionis
450 2123 519 2173 orta
541 2109 658 2187 suerit,
691 2130 888 2195 nequaquam
920 2111 954 2173 in
986 2116 1076 2176 causa

21 2240 27 2245 -
67 2195 260 2282 procedatur,
283 2197 384 2258 donec
408 2218 465 2280 per
487 2196 637 2270 arbitros,
657 2195 693 2256 in
717 2191 820 2256 forino
843 2195 922 2275 juris
943 2198 1076 2270 electos,

70 2282 153 2367 luper
171 2281 370 2366 suspicione,
403 2292 457 2342 aut
481 2278 717 2361 jurisdictionis
737 2281 952 2362 competentia
975 2276 1076 2344 fuerit

71 2367 240 2448 judicatum.
285 2366 510 2428 Fauiiliaribue
533 2385 611 2426 vero
633 2364 709 2446 ejus,
732 2366 788 2449 qui
811 2364 994 2444 hujusmodi
1017 2367 1077 2427 lit-

73 2447 138 2514 terie
158 2452 406 2517 conservatoriis
428 2451 512 2513 tueri
533 2455 566 2512 se
581 2447 626 2526 15)
646 2450 766 2524 solent,
787 2448 874 2511 nihil
896 2450 973 2512 illae
995 2472 1076 2536 pro-

76 2537 137 2613 tut,
156 2551 377 2624 praeterquam
400 2536 522 2598 duobus
545 2536 726 2609 dumtaxat,
745 2535 767 2594 ti
790 2545 897 2596 tamen
920 2537 973 2596 illi
995 2557 1076 2620 pro-

19 2666 38 2701 ,,.
94 2624 145 2685 riis
167 2624 235 2707 ejue
257 2625 436 2709 sumptibus
468 2622 623 2685 vixerint.
679 2619 782 2682 Nemo
804 2621 900 2682 etiarn
923 2621 1076 2685 similium

77 2642 422 2772 litterarumbenelicio
453 2709 536 2770 ultra
560 2705 814 2793 quinquennium
835 2706 973 2786 gaudere
997 2713 1076 2792 pos·

79 2791 170 2875 ΜΗ).
224 2794 296 2858 Non
322 2797 415 2857 liceat
448 2815 573 2879 quoque
600 2792 882 2856 'consmvatoribus
916 2792 1074 2874 judicibus

80 2878 164 2943 ullum
195 2881 313 2959 babere
339 2882 476 2943 tribunal
498 2888 656 2940 erectum.
726 2873 769 2954 15)
790 2875 829 2939 In
864 2879 960 2938 caulis
993 2898 1073 2940 vero

27 2974 36 3093 q
81 2964 268 3041 tuercedum,¹
290 2976 345 3028 aut
374 2966 606 3029 miserabilium
639 2964 846 3047 personarum
875 2963 970 3045 hujus
1000 2966 1075 3024 san·

81 3059 131 3113 ctae
147 3052 265 3132 synodi
286 3057 380 3137 snper
393 3059 418 3126 ε)
440 3052 504 3112 hoc
524 3050 687 3112 decretum
716 3048 751 3109 in
779 3049 837 3109 suo
860 3049 976 3108 robore
997 3068 1075 3132 per-

28 3134 33 3235 )
82 3135 258 3218 utueat15).
300 3136 528 3200 Univerfitates
550 3145 655 3196 autem
677 3133 862 3212 generales,
883 3153 918 3219 ac
936 3132 1073 3213 collegia

29 3240 47 3307 p
82 3216 245 3302 doctorum,
269 3225 321 3286 seu
344 3223 555 3297 scholarium,
577 3231 610 3282 et
631 3217 789 3299 regularia
812 3218 901 3295 loca,
926 3239 1073 3283 necnon

29 3312 36 3435 q
82 3300 233 3393 hospitalia
254 3320 324 3372 ectu
346 3308 599 3393 hospitalitatem
619 3301 796 3381 servantia,
828 3323 864 3366 ac
885 3303 1074 3368 universita-

85 3471 506 3492 W

106 3572 144 3636 11)
159 3581 189 3625 et
206 3588 257 3625 om.
274 3570 310 3623 R.
331 3567 411 3636 Vct„
434 3568 515 3634 Vem,
533 3567 711 3633 Dit.,13rtx.,
735 3565 827 3633 Vtra,
844 3568 954 3636 tatem,
973 3568 1074 3628 Haud„

108 3639 155 3706 Vc„
174 3640 249 3712 Oltis.
267 3668 303 3678 -
338 3638 387 3704 12)
407 3651 454 3692 aut
470 3658 519 3708 pro
537 3653 564 3692 et
582 3639 669 3705 Brix,
691 3638 942 3697 Vird.‚Rt1em.-
978 3641 1024 3706 13)
1044 3639 1073 3693 se

107 3726 147 3763 out.
163 3712 244 3769 Brix,
264 3738 302 3764 Ι--
347 3713 393 3777 14)
418 3710 518 3778 possint
536 3714 611 3765 Rom.
629 3714 669 3762 M.
691 3737 727 3751 -
768 3712 814 3778 15)
833 3715 871 3787 [ιι
894 3711 980 3765 causta
1009 3727 1074 3764 vero

51 3776 74 3809 '¹
107 3784 231 3857 ttarced..
242 3820 266 3839 ..
285 3795 442 3849 permaneat
459 3801 509 3837 om.
531 3784 615 3839 Viris..
632 3783 725 3834 Rberu.

10 3900 15 3984 J
108 3902 129 3969 ι)
143 3904 206 3961 Seli.
224 3886 341 3969 Vllsde
360 3904 472 3960 reloriu.
491 3924 515 3960 c.
533 3904 577 3968 14.

36 4000 41 4015 ·
150 3994 191 4060 u.
821 3994 848 4058 F
