2528 4522
98 231 107 242 '
193 260 266 341 192
339 242 433 347 App.
451 243 479 320 1.
496 207 549 319 'aa
571 246 710 325 cona.
733 208 922 378 ratane..
946 251 1029 325 sen
1052 253 1173 328 xxv«

184 438 255 523 jure
274 453 387 500 vacare
405 429 600 496 censeantur.
649 427 697 495 Ne
714 443 820 498 eutem
835 433 869 500 in
891 433 1060 521 praedictis
1082 437 1198 502 omni-

186 527 263 600 boe,
299 532 331 585 et
356 519 500 598 lingulie'
515 512 601 579 frene
623 517 728 603 aliqua
749 519 896 583 adhiberi
918 524 1028 606 pollit3
1064 526 1197 588 urendat

184 604 463 686 sanctasynodus,
492 600 579 665 utin
601 604 836 686 provilionibue
858 607 1014 670 dictorum
1037 612 1195 673 rnorralle-

184 697 307 756 riorum
325 690 459 776 qualitas
473 687 666 764 lingulororn
682 692 872 754 nominatim
892 695 1108 776 exprimatur:
1131 698 1197 756 ali-

185 791 296 864 terque
317 772 397 836 lacte
418 772 557 857 provilio
581 774 767 857 subreptitie
790 775 853 839 elle
873 780 1049 841 censeatur:
1084 783 1195 844 nulla-

183 885 243 952 que
263 859 463 946 subsequenti
482 855 685 943 pollellione,
706 861 803 924 etiam
827 862 1002 941 triennali„
1016 865 1196 949 adjuvetur.

578 1023 808 1107 cn.xx11.·
911 1069 913 1072 v

182 1151 350 1238 [Decreta
370 1149 412 1216 de
434 1148 681 1239 reformatione
708 1151 928 1238 regularium
958 1151 1001 1218 ab
1032 1153 1193 1221 omnidue

439 1234 634 1303 executioni
654 1234 933 1320 demandentur]

243 1379 328 1445 Haec
362 1378 487 1454 omnia,
514 1387 551 1441 ,et
581 1376 700 1458 lingula
734 1375 769 1439 in
802 1377 1019 1461 superioribus
1055 1379 1190 1446 decretis

177 1466 412 1548 2⁵)contenta‚
452 1462 612 1525 observari
647 1461 750 1523 sancta
791 1463 930 1542 synodus
962 1468 1121 1552 praecipit
1154 1471 1190 1531 in

177 1555 326 1616 omnibus
342 1550 525 1623 coenobiis,
546 1569 580 1608 ac
601 1546 816 1623 monateriis,
839 1550 986 1627 collegiis
995 1594 1010 1627 ‚-
1027 1573 1061 1612 ac
1083 1552 1188 1614 domi·

176 1641 235 1701 bue
258 1653 526 1724 quorumcumque
555 1632 805 1706 monachorum,
836 1654 871 1692 ec
893 1636 1102 1712 regularium,
1129 1659 1189 1701 uec

175 1746 242 1787 non
269 1739 533 1808 quarumcumque
554 1717 1049 1798 tanaimontalinnuirginum,
1075 1745 1110 1784 ac
1132 1724 1189 1784 ui-

174 1809 324 1882 duarum,
346 1806 479 1868 etiamst
501 1803 576 1864 illae
598 1804 652 1864 l'ub
674 1802 829 1882 gubernio
851 1804 1058 1883 militiarum,
1088 1808 1187 1873 etiam

173 1892 507 1977 Hierosolymitanee,
537 1889 669 1962 vivant,
702 1898 733 1974 et
753 1907 950 1973 quocumque
971 1894 1104 1955 nornine
1125 1915 1186 1978 ep-

174 1981 354 2065 pellentur,
375 1978 429 2040 lob
450 1995 644 2060 quacumque
666 1971 787 2049 regola,
823 1976 874 2034 vel
897 1976 1185 2056 constitutionibus,

174 2076 205 2128 et
217 2066 271 2127 l'ub
290 2062 435 2137 cullodia,
461 2062 509 2122 vel
523 2057 762 2138 gubernatione,
787 2059 840 2118 vel
856 2061 969 2144 quavis
980 2062 1182 2144 subjectione,

173 2162 225 2212 aut
247 2149 446 2219 annexione,
484 2148 534 2207 vel
557 2141 769 2228 dependentia
799 2143 1019 2232 cujuscumque
1048 2148 1181 2226 ordinis,

171 2234 439 2308 mendicantium,
461 2232 512 2292 uel
538 2252 602 2291 non
627 2226 876 2292 mendicantium
889 2227 947 2308 24),
971 2234 1021 2295 vel
1042 2236 1181 2298 aliorum

172 2323 365 2400 regularium
400 2317 647 2390 monachorum,
684 2323 738 2374 eut
770 2315 995 2380 canonicorom
1026 2340 1181 2404 quorum-

171 2421 322 2490 cumque:
356 2424 422 2465 non
442 2402 630 2464 obllantilrue
660 2418 771 2460 eorum
793 2402 952 2476 omnium,
984 2413 1016 2464 et
1037 2406 1182 2482 lingulo-

170 2494 287 2566 rum¹)
309 2487 491 2573 privilegiis
522 2486 576 2546 lul)
605 2485 849 2569 quibuscumque
880 2482 1031 2548 formulis
1062 2493 1181 2552 verbo·

170 2596 240 2636 rum
263 2573 443 2656 conceptio,
471 2593 522 2644 ac,
551 2590 637 2630 mere
660 2587 828 2646 nragnum,
858 2572 1047 2656 appellatio,
1081 2576 1177 2637 etiarn

104 2670 108 2683 '
167 2659 203 2720 in
226 2655 414 2719 fundatione
444 2655 603 2727 obtentis,
635 2675 692 2715 nec
723 2673 789 2712 non
820 2654 1111 2735 constitutionibus,
1147 2673 1179 2721 ct

168 2744 289 2824 regulis
312 2742 408 2804 etiam
429 2741 556 2820 juratio,
586 2749 679 2824 atque
700 2737 797 2798 etiam
813 2735 860 2818 2⁵)
888 2743 1177 2821 consuetudinibus,

168 2832 221 2892 vel
245 2827 564 2915 praescriptionibus,
586 2819 743 2904 etiem25)
758 2823 1074 2890 inuaernorabilibua.
1139 2830 1176 2890 Si

116 2946 119 2951 ·
167 2917 321 3004 quivero
349 2913 506 2994 regulares
530 2921 591 2971 lam
614 2910 695 2982 viri,
716 2929 809 2994 quam
832 2912 982 2973 mulieres
1004 2913 1084 2984 lunt,
1119 2917 1175 3000 qui

167 3006 221 3065 lul)
242 3000 371 3062 arctiori
393 2999 518 3077 regula,
539 2996 590 3063 vel
613 2995 731 3056 llatutis
754 2994 888 3072 vivunt,
919 3011 1050 3081 excepta
1072 2995 1175 3062 sacul-

166 3099 230 3149 tate
253 3084 388 3148 habendi
411 3087 492 3146 bona
512 3081 630 3142 liubilia
652 3081 685 3141 in
708 3082 888 3158 rotumum,
922 3104 978 3143 eos
1000 3086 1038 3144 ab
1059 3107 1172 3149 eorum

164 3171 323 3246 instituto,
356 3181 387 3231 et
418 3167 616 3230 observantia
637 3166 739 3253 lancta
762 3165 900 3244 synodus
930 3187 1085 3232 eruorem
1107 3193 1172 3234 non

163 3257 315 3320 intendit.
366 3253 407 3315 Et
429 3256 501 3340 quia
526 3249 787 3330 sanctasynodus
808 3249 977 3329 defiderat‚
998 3265 1031 3315 ut
1054 3256 1172 3330 carraria,

164 3352 196 3404 et
217 3343 335 3422 lingula
358 3339 533 3422 supradicta
561 3329 795 3422 quampririrum
823 3338 1008 3400 executioni
1038 3341 1172 3403 darnart-

164 3425 295 3496 derum:
329 3426 483 3509 praecipit
519 3423 666 3484 omnibus
697 3420 872 3506 episcopie,
908 3422 942 3485 in
976 3425 1171 3487 rnonalleriis

163 3512 220 3574 libi
241 3512 407 3592 subjectis,
442 3520 475 3572 et
495 3507 530 3570 in
553 3508 700 3569 omnibus
721 3506 811 3582 aliie,
839 3505 913 3592 iplie
934 3507 969 3569 in
993 3508 1171 3593 superiori·

194 3768 240 3834 23)
260 3765 443 3833 decretlepm.
469 3761 552 3823 Vitat,
571 3759 662 3815 erem.
682 3787 714 3798 -
751 3762 797 3821 2²4)
817 3758 858 3813 rel
878 3776 934 3811 nou
954 3760 1166 3817 mendicantium

195 3858 246 3896 orn.
263 3835 338 3890 eced.
355 3863 390 3872 -
425 3835 471 3898 25)
490 3831 638 3885 conluelud
642 3869 727 3888 .....
743 3837 825 3885 etlam
842 3850 891 3903 orla.
911 3834 987 3901 [turp.
1004 3833 1046 3888 M.

193 3957 224 4024 x)
242 3954 308 4014 Viti.
325 3951 430 4007 bullam
446 3949 490 4006 Pii
509 3951 557 4004 Ν.
576 3950 609 4000 la
624 3938 758 4018 principii
769 3944 1054 4014 apostololorum,
1081 3972 1084 3977 ·
