2528 4522
177 294 255 368 auo
406 277 500 379 App.
524 280 572 352 11.
594 283 642 354 ao
663 221 818 367 proten
835 279 948 352 urcei.
1061 246 1068 259 '

131 496 137 515 ·
177 465 300 534 boratis
320 464 461 541 statutis,
479 475 512 528 et
533 458 827 542 consuetudinibus,
846 459 1034 549 privilegiis
1056 481 1200 548 quoque,

176 555 334 629 indultis,
366 547 583 627 facultatibus,
619 564 651 614 et
684 552 790 613 literis
820 549 1034 635 Apostolicis,
1071 551 1200 612 eisdem

176 637 463 713 Univtrfiuttous,
483 632 733 716 eeGynnafim
762 657 798 698 ac
824 631 1016 711 Ordinibus,
1047 635 1199 710 etsocis,

175 744 351 811 eorumque
370 720 577 801 Rectoribus,
599 721 811 797 Ductoribus,
834 721 1074 804 Superioribus,
1097 722 1199 785 etiam

171 810 213 876 'in
234 810 463 894 temporalibus
483 806 646 884 Dominis,
667 806 847 869 comitibus
868 807 1042 883 Palatinis,
1063 817 1096 867 et
1120 807 1197 868 aliis

175 897 275 960 etiam
296 894 493 975 regularibus
513 896 659 978 personis
679 890 834 978 praesulis
864 895 921 955 sub
943 893 1197 981 quibuscumque

175 982 362 1060 tenoribus,
383 991 416 1044 et
437 977 572 1058 forruis,
605 1000 640 1042 ac
661 1000 732 1041 cum
755 979 948 1065 quibusvis,
978 979 1075 1039 etiarn
1097 977 1198 1039 dero-

174 1066 372 1149 gaturiarum
396 1065 626 1146 derogatoriis,
658 1065 795 1150 aliisque
816 1063 1064 1136 efficacioribus,
1096 1064 1198 1124 etiam

174 1155 247 1217 vim
268 1163 448 1215 contractus
470 1150 695 1215 inducentibus
717 1151 885 1225 clausulis,
917 1150 1197 1235 irritantibusque,

174 1251 210 1305 et
230 1238 305 1300 aliis
322 1236 479 1315 decretis,
508 1238 544 1299 in
567 1258 702 1315 genero,
731 1238 784 1298 vel
806 1235 841 1299 in
861 1235 984 1319 specie,
1017 1236 1127 1297 etiam.
1138 1255 1198 1320 per

173 1325 263 1401 Nos,
295 1323 464 1387 acSedem
485 1319 680 1409 praefatam,
714 1319 945 1396 etiamdlotu,
977 1320 1128 1399 scientia,
1165 1332 1198 1384 et

24 1414 48 1433 '⁴
94 1474 98 1479 .
174 1410 338 1498 potestatis
375 1408 578 1494 plenitudine
614 1407 787 1485 similibus,
826 1412 878 1470 seu
917 1405 958 1468 ad
992 1405 1197 1492 quorumvis,

175 1501 274 1560 etiam
287 1494 533 1580 Imperatorum,
545 1483 695 1574 Regum,
708 1492 1038 1578 Rerumpublicarum‚
1059 1490 1199 1569 Ducum,

123 1573 129 1585 ’
176 1594 209 1644 et
224 1583 364 1644 aliorum
378 1581 566 1664 Principum
585 1579 777 1649 instantiam,
797 1591 828 1641 et
850 1580 930 1642 alias
952 1577 1198 1663 quomodolibet

175 1668 345 1740 concessis,
379 1687 414 1726 ac
446 1668 543 1727 etiam
576 1665 700 1747 pluries
729 1665 928 1748 approbatis,
964 1673 995 1725 et
1015 1665 1198 1742 innovatis,

177 1752 293 1838 quibus
317 1751 485 1825 omnibus,
507 1748 605 1812 etiam
627 1749 650 1811 ti
671 1769 734 1833 pro
749 1750 882 1811 illorum
905 1746 1077 1811 sufficienti
1098 1749 1198 1813 dere-

175 1837 328 1916 gatione,
349 1833 389 1897 de
410 1835 504 1909 illis,
533 1854 709 1919 eorumque
728 1833 808 1896 totis
828 1835 1013 1911 tenoribus,
1033 1819 1198 1918 specialis,

175 1920 343 2007 specifica,
367 1917 531 2004 expressa,
552 1930 586 1982 et
607 1918 787 1996 individua,
807 1941 874 1983 non
896 1930 1011 1981 autem·
1024 1941 1082 2005 per
1104 1922 1198 1983 clau-

174 2007 260 2071 sulas
280 2005 443 2085 generales
470 2004 557 2068 idem
579 2006 811 2090 importantes,
840 2006 964 2068 mentio
986 2008 1040 2068 seu
1063 2006 1197 2092 quaeris

162 2092 241 2156 'alia
262 2090 421 2177 expressio
443 2091 609 2166 habenda,
626 2101 681 2153 aut
701 2091 807 2177 aliqua
830 2093 892 2153 alia
914 2091 1070 2176 exquisita
1089 2087 1196 2155 forma

175 2177 216 2242 ad
240 2178 302 2241 hoc
323 2174 477 2240 servanda
496 2173 598 2254 soret,
631 2178 767 2239 illorum
796 2179 944 2240 veriores
979 2187 1131 2251 tenores,
1161 2199 1196 2241 ac

175 2263 263 2327 fide
282 2265 382 2327 verbo
403 2262 443 2325 ad
467 2266 601 2327 verbum
630 2265 861 2340 insererentur,
895 2263 1114 2347 praesentibus
1136 2283 1195 2348 pro

174 2349 368 2415 sufficienter
399 2349 553 2432 expressis
586 2360 618 2412 et
648 2349 776 2413 insertis
808 2351 978 2426 habentes,
1011 2349 1196 2433 specialiter

176 2449 210 2498 et
240 2433 387 2519 expresse
408 2433 500 2496 llsotu
522 2435 620 2496 simili
642 2435 832 2513 derogamus
867 2433 1038 2497 contrariis
1059 2437 1197 2519 quibus-

173 2540 321 2604 cumque.
373 2513 443 2579 Aut
472 2520 497 2580 si
529 2521 690 2604 aliquibus
712 2521 946 2597 communiter,
978 2521 1034 2582 vel
1056 2512 1196 2595 divisim,

81 2678 84 2685 1
173 2607 212 2666 ab
235 2604 345 2666 eadem
365 2603 402 2662 [it
424 2601 506 2664 Sede
530 2604 710 2679 indultum,
741 2604 826 2690 quod
848 2605 1009 2681 interdici,
1032 2607 1196 2689 suspendi,

172 2688 229 2752 vel
252 2686 522 2749 excommunicari
543 2690 748 2772 nonpossint
769 2710 827 2774 per
845 2690 971 2753 litteras
993 2687 1196 2776 Apostolicas

173 2794 241 2839 non
264 2771 417 2836 facientes
439 2775 588 2860 plenam,
621 2787 653 2836 et
676 2774 872 2860 expressam,
905 2794 950 2846 act
971 2776 1011 2839 de
1032 2778 1132 2841 verbo
1154 2776 1195 2840 ad

172 2861 308 2926 verbum
329 2861 369 2922 de
391 2860 518 2922 indulto
542 2861 725 2943 hujusmodi
748 2864 959 2927 mentionem.

237 2945 285 3008 Ne
308 2947 413 3008 autern
436 2945 597 3033 quispiam
620 2949 834 3033 praesentium
857 2947 1075 3027 ignorantiam
1097 2970 1195 3035 prae-

173 3032 325 3112 tendere,
356 3023 411 3095 tel
446 3035 683 3097 excusationem
716 3034 854 3114 allegare
875 3035 990 3118 postit,
1027 3034 1081 3098 sed
1104 3036 1194 3120 ipsae

173 3119 212 3180 ad
236 3121 381 3181 omnium
403 3119 554 3182 notitiaiu
576 3117 787 3196 deducantur,
810 3120 976 3195 volumus,
1005 3131 1037 3181 et
1059 3121 1195 3183 manda-

172 3224 255 3280 mus,
278 3205 362 3290 quod
375 3203 504 3267 eaedem
513 3210 694 3289 praesentes
706 3207 742 3268 in
755 3204 906 3267 Basilicas
916 3205 1080 3290 Principis
1096 3203 1195 3292 Apo-

170 3289 324 3352 stolorum
356 3290 396 3352 de
418 3287 520 3366 Urbe,
554 3303 586 3352 et
607 3289 820 3354 Cancellariae
850 3291 971 3354 nostrae
995 3293 1123 3365 valvis,
1157 3313 1194 3356 ac

171 3375 239 3436 acio
262 3372 376 3460 Campi
396 3373 513 3439 Florae
534 3398 593 3461 por
621 3379 762 3464 aliquem
793 3398 835 3438 ex
864 3377 1045 3440 cursoribus
1077 3377 1194 3441 nostris

172 3458 296 3535 affixae,
315 3461 408 3547 copia
428 3463 558 3524 illarum
582 3462 629 3525 ibi
652 3461 787 3541 dimissa,
810 3484 921 3525 omnes
939 3464 976 3526 in
990 3460 1084 3525 Italia
1106 3465 1194 3527 intra

171 3557 248 3620 tres,
270 3559 359 3608 extra
380 3568 458 3609 veru
481 3549 572 3610 illam
590 3550 757 3614 exilientes
779 3550 940 3612 intra-sex
961 3553 1088 3613 menses
1112 3572 1194 3635 pro·

169 3632 280 3696 ximus
308 3633 346 3691 ab
377 3653 412 3692 ea
435 3631 488 3696 die
510 3633 674 3698 affixionis
698 3635 949 3719 computandos,
980 3635 1117 3718 perinde
1139 3658 1194 3698 ar-

68 3749 73 3753 ·
169 3728 272 3794 ctent,
295 3736 330 3778 ac
352 3716 376 3777 si
396 3718 465 3779 illis
489 3722 701 3803 personaliter
721 3722 888 3784 intimatae
912 3719 1055 3786 fuissent.

168 3820 298 3885 Forma
328 3827 446 3881 orclem
475 3817 591 3885 dictae
611 3817 838 3908 Profeffiouis
862 3818 977 3885 ‘Fidei
1008 3818 1093 3884 senec
1124 3818 1192 3902 est.-

62 3979 65 3987 ,
168 3904 563 3990 Egott.firrnafidecred0
572 3951 672 3972 ......
681 3904 1191 3989 ethaecSanctaDeillvangelia.

449 3991 526 4055 (vid.
545 3991 625 4059 supra
644 3996 678 4047 T.
698 3997 719 4048 l.
737 4011 765 4063 p.
782 3998 819 4056 98
836 3993 905 4063 sqq.)
