2528 4522
141 228 195 321 ,96
267 221 361 325 App.
385 228 414 300 1.
440 231 486 300 ad
512 228 649 298 Concil.
674 227 839 300 Trident.
890 231 974 303 sest
999 174 1101 306 xvi

57 434 68 458 ⁸
142 413 247 501 lisque
266 408 416 484 conciliis
437 410 504 492 ejus
525 409 757 489 congregandi,
779 423 831 488 et,
852 409 922 476 Deo
941 411 1084 494 juvante,
1105 436 1160 480 cc-

143 501 289 562 lebrandi
303 498 333 578 ⁵)
354 495 519 558 confilium
540 498 693 581 cepimus.
737 496 898 562 Indictum
920 500 1001 560 illud
1026 500 1158 585 quidem

142 597 233 649 antea
255 581 317 647 suit
345 603 361 643 a
383 576 438 643 sel.
460 603 521 644 rec.
544 581 643 644 Paulo
666 578 736 652 tlt..
757 594 789 645 et
811 584 877 666 ejus
898 583 1071 647 successore
1097 587 1157 649 Ju-

141 670 210 747 lio,
229 665 517 756 praedecessoribus
538 666 667 745 nostris,
685 660 755 730 'sed
780 670 879 732 variis
909 669 949 731 de
966 670 1064 733 causis
1084 675 1157 736 sae·

140 757 216 840 pius
237 754 451 841 impeditum,
482 765 515 816 et
542 752 783 837 interpellatum
808 755 921 839 persici
948 777 1019 846 npn
1039 758 1154 842 potuit.

29 851 33 861 “
141 839 305 926 Siquidem
328 833 498 922 Paulusv),
521 859 591 900 cum
614 838 648 899 id
670 839 776 922 primo
799 861 835 902 rn
856 843 964 902 urbem
978 840 1154 919 Mantuam,

141 926 258 988 deinde
280 924 491 988 Vincentiam
514 922 704 999 indixisset-3
736 923 887 1010 quasdam
910 927 950 987 ob
972 932 1097 1004 causas,
1118 932 1154 994 in

138 1013 258 1074 litteris
278 1009 348 1103 ejus
370 1008 549 1094 expressas,
571 1009 605 1073 id
627 1008 731 1093 ptimo
750 1010 925 1095 suspendit,
948 1015 1051 1096 postea
1074 1012 1153 1076 Tri-

138 1096 271 1162 dentum
285 1094 467 1159 transtulit.
524 1092 650 1157 Deinde
675 1116 745 1157 cum
775 1097 964 1180 quibusdam
995 1096 1153 1164 decausis

136 1183 185 1245 ibi
223 1202 350 1270 quoque
384 1181 449 1264 ejus
482 1179 821 1266 celebranditempus
856 1181 991 1244 dilatum
1021 1179 1152 1264 suisset3

136 1267 283 1340 tandein,
313 1266 519 1352 suspensione
543 1266 680 1339 sableia,
710 1267 746 1328 in
778 1264 888 1328 eudem
922 1267 1055 1331 civitate
1076 1268 1152 1332 Tri·

41 1390 45 1397 -
136 1354 267 1416 dentiae
289 1353 476 1415 inchoatum
508 1346 582 1413 suit.
648 1348 773 1413 Verum
806 1352 1151 1442 sessionibus'aliquot

14 4028 37 4075 ΙΙ

14 4076 39 4231 ,-
118 4054 132 4118 f

135 1440 274 1515 habitis,
306 1450 339 1501 et
367 1437 536 1499 nonnullis
563 1435 698 1499 decretis
719 1431 834 1516 sactis,
861 1440 967 1524 ipsum
994 1441 1026 1502 sa
1049 1441 1149 1524 postea

135 1518 327 1600 concilium,
359 1524 519 1608 aliquibus
539 1521 577 1584 de
599 1522 731 1599 cautis.
747 1521 913 1586 accedente
936 1522 1035 1589 etiam
1063 1525 1147 1589 sedis

133 1611 321 1695 apostolicae
339 1612 545 1683 auctoritate,
567 1605 749 1670 Bononiam
761 1615 804 1685 W)
825 1610 999 1671 transtulit.
1041 1606 1147 1674 Julius

132 1707 256 1773 autem,
279 1695 334 1780 qui
356 1695 387 1755 ei
411 1693 568 1766 successit,
596 1692 630 1752 in
652 1690 796 1755 eamdem
820 1694 982 1756 civitatem
1006 1692 1147 1760 Triden-

132 1783 233 1842 tinam
254 1781 288 1841 id
310 1779 496 1841 revocavit:
529 1798 592 1864 quo
624 1777 752 1863 quidem
788 1788 934 1864 tempore
966 1776 1048 1842 sacta
1083 1784 1146 1845 alia

132 1865 283 1953 quaedam
314 1864 437 1927 decreta
468 1862 551 1926 sunt.
595 1858 633 1945 x)
645 1861 707 1925 Sed
735 1885 807 1939 curn
837 1865 917 1927 novi
946 1865 982 1945 in
1006 1869 1147 1953 propin-

131 1953 203 2036 quis
233 1948 423 2013 Germaniae
462 1948 545 2010 locis
575 1948 730 2009 tumultus
760 1948 894 2012 excitati
927 1944 1081 2028 fuissent,
1113 1964 1146 2016 et

130 2037 251 2099 bellum
296 2037 332 2098 in
365 2033 477 2106 Italia,
515 2043 547 2095 et
575 2030 682 2095 Gallia
715 2035 933 2113 gravissimum
965 2036 1145 2115 accersissem

129 2127 237 2185 rursus
259 2118 651 2203 conciliumsuepensuan,
670 2129 702 2180 et
723 2119 856 2183 dilatum
878 2116 960 2196 suit,
980 2121 1143 2186 adnitente

128 2208 284 2271 nimirum
305 2205 439 2268 humani
461 2205 588 2284 generis
614 2203 716 2277 ltoste,
753 2207 895 2292 aliasque
918 2226 959 2267 ex
980 2206 1053 2268 aliis
1075 2206 1142 2269 dif-

128 2294 302 2370 ficultates,
335 2302 367 2354 et
398 2290 630 2375 impedimenta
661 2288 848 2370 objiciente,
883 2300 916 2352 ut
944 2302 1065 2354 tantum
1088 2316 1141 2356 ec·

128 2381 237 2440 clesiae
258 2360 479 2452 corninodum,
512 2375 596 2461 quod
618 2376 749 2459 prorsus
772 2372 899 2439 auferre
920 2398 987 2438 non
1005 2390 1140 2462 poterat,

126 2464 236 2527 saltem
263 2483 356 2548 quum
387 2460 560 2523 diutissime
581 2458 763 2523 retardaret.
818 2458 1028 2548 Quantopere
1061 2485 1138 2530 veru

126 2550 379 2613 intareaauctae
402 2542 542 2621 suerint,
576 2555 608 2607 et
632 2544 882 2630 multiplicatae,
916 2568 951 2611 ac
970 2569 1139 2634 ,propaga-

125 2646 176 2697 tae
203 2633 369 2707 sraerasee3
400 2641 596 2717 quantopere
608 2698 612 2705 ,
624 2628 757 2705 schisma
785 2633 945 2707 creverim
979 2634 1137 2701 siue'ma-

124 2722 217 2783 xirno
239 2718 349 2783 ammi
369 2714 482 2779 dolore
510 2736 568 2779 aec
588 2716 768 2791 meminisse
791 2716 974 2802 possumus,
1005 2740 1064 2783 nec
1083 2742 1138 2784 re-

124 2802 221 2868 serra.
264 2802 327 2869 Sed
349 2802 478 2865 tandem
491 2801 576 2884 pius,
597 2812 630 2877 at
646 2803 829 2867 misericors
850 2800 1009 2866 Dominus
1040 2807 1137 2893 7)qui

122 2910 285 2978 nunquam
317 2890 363 2953 ita
386 2887 543 2961 irascitur,
579 2897 614 2963 ut
645 2880 882 2957 misericordiae¹
904 2848 1136 2967 obliviscatur,

123 2981 271 3057 regibus,
304 2969 776 3059 et,principibus,Christianis
794 2996 928 3059 pacem,
961 2986 993 3036 et
1019 2977 1136 3039 unani-

121 3066 268 3125 mitatem
292 3058 410 3123 donare
431 3058 580 3138 dignatus
605 3057 656 3119 est.
711 3059 785 3143 Qua
813 3072 874 3123 nos
897 3060 1057 3123 occasione
1080 3062 1135 3123 ob-

120 3147 185 3208 lata
209 3147 398 3217 anaximam
416 3146 451 3207 in
480 3147 568 3228 spem
597 3143 764 3231 venimus,
799 3145 895 3230 ipsius
919 3145 1135 3209 misericordia

120 3228 224 3306 sreti,
249 3229 338 3307 fore,
375 3241 409 3295 ut
430 3232 483 3293 hie
502 3229 757 3316 tantisquoque
789 3232 934 3313 ecclesiae
963 3232 1059 3295 malis
1080 3253 1135 3295 ea-

116 3316 194 3385 dem
223 3318 355 3381 concilii
378 3316 441 3392 [vie
471 3315 775 3400 sinis',impouatur.
846 3316 912 3380 Nos
945 3317 1054 3405 itaque
1093 3316 1133 3381 ad

119 3403 269 3476 schisma,
293 3401 503 3488 haeresesque·
520 3401 700 3478 tollendas,
718 3403 755 3465 ad
780 3400 1005 3483 corrigendos,
1025 3412 1133 3483 etre-

119 3483 310 3551 formandos
331 3507 459 3564 rueres,
493 3485 541 3553 ad¹
554 3508 664 3572 pacem
685 3491 773 3553 inter
792 3484 986 3577 Christianos
1006 3490 1132 3577 princi-

556 3626 559 3631 “
593 3622 597 3647 2

152 3748 182 3812 3)
200 3756 235 3803 et,
252 3745 288 3800 D.
307 3747 380 3812 jum,
400 3745 500 3802 celebr.
521 3764 569 3800 om.
589 3745 678 3803 Horti.

100 3826 103 3831 ι
149 3852 181 3919 a)
204 3855 239 3910 V.
264 3851 342 3919 supra
369 3852 449 3908 Paul.
476 3856 524 3909 lll.
551 3851 655 3907 bullans
682 3855 780 3913 indicte
802 3859 902 3914 concil.
924 3873 953 3924 p.
970 3863 990 3918 3
1008 3856 1067 3930 sqq.
1088 3882 1120 3907 :a

148 3924 270 3991 thess.
292 3925 420 3978 vnt-
454 3923 723 3992 usauxm-
759 3930 1029 4013 yq'slabac.3,2.¹
1076 3932 1082 3939 “
