2528 4522
202 306 278 380 eto
424 288 525 391 app.
549 288 598 365 11.
619 290 666 361 ae
689 282 837 361 eroon
861 287 974 364 etro.
1065 254 1078 263 '

202 499 339 566 cumque
355 474 395 541 ad
414 473 746 555 aetatemiagitimam
764 469 989 558 pervenerint,
1016 477 1049 534 et
1076 467 1116 533 in
1139 490 1213 533 mo·

201 567 290 629 rinus
320 573 415 647 atque
446 559 630 627 inlitteria
662 553 877 645 profecerint,
908 556 1003 620 sacrie
1037 553 1211 621 ordinibus

200 649 440 720 initiabuntot,·.
460 655 559 731 atqua
585 643 647 730 ipsi
669 642 843 709 cathedrali
864 641 922 704 sen
939 641 1211 725 metropolitanae

201 733 364 809 Ecclesiae,
382 731 574 817 inquorum
599 751 638 793 ne
653 727 833 797 ministerio
848 725 1006 812 Episcopo
1031 747 1106 789 cnm
1130 747 1211 789 con-

199 819 272 883 silio
292 814 439 903 capituti·
452 835 555 879 cornua
622 834 656 881 tn
676 813 853 887 uidebitur,
883 833 1015 897 operam
1042 810 1133 875 suam
1151 831 1227 873 na·.

200 905 332 978 vabnnt,
350 913 445 986 etque
460 913 494 962 ut
512 901 560 961 eia
572 921 630 985 pro
648 900 795 984 cujusque
809 898 926 960 rnerito
939 896 1133 961 beneficium
1146 897 1209 959 ali·

199 985 285 1076 quod
296 978 1207 1069 ecclesiasticumdesecatumipseEpiscopueetGapitulum

77 1110 84 1119 ι
199 1074 332 1137 curabit.
379 1069 546 1135 lneormn
567 1068 807 1140 caramlocum,
828 1068 947 1153 quiex
968 1064 1208 1146 Acolythorum

200 1155 294 1221 classe
312 1152 352 1221 aas
363 1155 494 1219 ordinet
505 1161 610 1219 sacrae
625 1166 658 1219 at
673 1155 791 1236 majore
802 1151 961 1215 Ecclesiae.
973 1172 1107 1214 munera
1119 1152 1208 1217 'esci-

199 1247 334 1319 scentur,
351 1241 554 1306 substituendi
564 1250 658 1305 erunt
669 1241 774 1326 quiex
783 1235 876 1301 classa
889 1233 1040 1300 inferiori
1052 1239 1208 1313 mociboa,

198 1339 303 1393 aetate
320 1337 355 1391 et
371 1325 492 1393 litteris
512 1325 658 1411 proximi
671 1323 821 1391 accedunt
841 1322 879 1384 ad
891 1321 1031 1387 scholam
1044 1327 1208 1402 gramma·

198 1413 297 1489 sicae,
329 1420 364 1476 et
390 1411 459 1474 alia·
474 1410 639 1481 commoda
667 1390 809 1475 tli's'rendi
830 1412 929 1472 cause.
984 1403 1208 1471 Adrnittantur

198 1497 295 1562 etiarn
314 1496 373 1558 alii
394 1496 535 1561 civitatis
555 1507 588 1557 et
609 1494 767 1558 Dioecasie
793 1494 902 1577 pueri,
930 1493 1029 1555 immo
1051 1495 1208 1555 curabunt

198 1580 369 1668 Episcopi,
399 1592 434 1643 ut
455 1590 609 1666 quantum
637 1580 717 1641 sieri
738 1581 853 1661 possit,
885 1599 996 1639 omnes
1025 1578 1081 1665 qni
1103 1573 1208 1641 sutori

197 1668 270 1729 sunt
289 1664 475 1729 Sacerdotes
496 1664 532 1727 in
553 1684 590 1727 ea
607 1661 801 1727 edoceantur
822 1675 854 1725 et
876 1663 1094 1737 instituantur,
1132 1663 1207 1750 qui-

197 1751 256 1815 bua
274 1748 388 1811 eodem
411 1747 520 1811 vestito
541 1769 603 1833 quo
625 1748 755 1821 cetaria,
798 1748 830 1809 oi
853 1747 890 1811 ab
913 1746 1045 1812 Ecclesia
1065 1748 1206 1823 aluntur,

196 1831 351 1899 utendum
372 1833 452 1908 erit,
472 1846 567 1919 atqua
580 1768 811 1896 eodemmocio
834 1832 1020 1896 vivendum.
1077 1831 1130 1896 Ex
1151 1834 1205 1895 hie

196 1930 303 1983 autam
332 1917 388 2003 qui
420 1917 561 1983 maxima
576 1916 727 1985 eidoneue
757 1918 836 1994 erit,
871 1931 902 1979 et
923 1916 1076 1981 Ecclesiae
1093 1918 1206 1981 inser·-

198 2000 310 2067 viendi
335 2003 533 2067 volontatem
553 2021 636 2087 ‚praa
654 2001 686 2069 so
707 1999 806 2076 serat,
841 2008 875 2065 in
898 2003 963 2084 ejus
985 2006 1091 2066 locum
1114 2002 1205 2068 soffi-

197 2088 312 2187 ciator,
345 2087 412 2235 quii·
427 2108 470 2153 ex
491 2086 687 2153 clericorum
708 2108 842 2157 nurnero
862 2084 1096 2151 desiderabitur.
1163 2087 1206 2151 Et

196 2170 439 2323 siiiiiai'ii
462 2172 1205 2344 ,s‘sitsss‘‘ss‘,ssssnsasct‘tz

196 2341 392 2407 ecclesiastica
423 2342 569 2406 doctrina
590 2342 754 2419 erudiant,
789 2341 910 2405 necesse
941 2342 997 2419 est,
1034 2358 1068 2407 ut
1097 2345 1203 2430 quoad

151 2440 154 2447 '
195 2437 280 2491 certa
311 2425 370 2491 doe
400 2448 444 2514 ex
462 2426 647 2493 >redditibus
680 2427 906 2490 beneficiorum
945 2429 1021 2490 huic
1052 2441 1117 2492 tarn
1148 2431 1203 2515 pio

196 2511 290 2597 operi
310 2510 581 2588 asfignandorum,
602 2515 655 2577 seu
678 2533 740 2598 quo
758 2512 825 2573 alio
839 2511 934 2574 modo
950 2515 1013 2576 erit
1028 2515 1205 2593 cerasiituta,

194 2599 305 2658 censue
326 2595 444 2678 aliquit
463 2615 591 2659 annuus.
603 2596 825 2680 providentem
849 2599 944 2680 possit
958 2597 1108 2678 Synodua
1124 2622 1204 2686 pro-

194 2677 355 2743 vtnciattc.
367 2698 411 2745 ex
430 2672 586 2743 fructibus
607 2680 827 2766 episcopatus,
854 2681 1069 2762 dignitatum,
1090 2691 1205 2771 perso-

193 2773 345 2836 natuum,
365 2760 562 2840 officiorum,
582 2764 841 2841 canonicatuum,
870 2768 1074 2850 portionum,
1106 2772 1204 2833 abba-

193 2846 311 2913 tiarum
343 2868 433 2934 quae.
452 2852 632 2930 segregatos
664 2851 780 2914 habent
807 2847 926 2914 fructus
954 2875 971 2914 a
996 2855 1204 2934 monasteriis,

194 2944 238 2999 et.
260 2952 506 3021 oeterorumque
520 2935 725 3017 saecularium
742 2937 979 3013 beneficiorum,
1002 2941 1122 3003 etiamsi
1139 2940 1204 3004 Ec-

193 2955 305 3097 clairie,
327 3018 536 3097 monasteriie,
556 3020 778 3106 hospitalibus,
800 3033 833 3083 et
854 3022 1102 3110 quibuscumque
1124 3028 1201 3089 aliie

193 3104 267 3189 piia.
280 3104 361 3168 locia
380 3117 537 3191 perpetuo
557 3106 596 3167 sit
615 3127 758 3182 annexa,
780 3128 904 3169 necnon
924 3129 966 3171 ex
986 3107 1116 3175 sabricie
1139 3110 1209 3174 Ec-.

192 3189 368 3265 clefiarum,
387 3202 419 3253 et
440 3211 483 3253 ex
501 3189 685 3280 quibuscum
710 3191 843 3291 castaliis
860 3194 1067 3258 ecclesiasticis
1087 3194 1209 3259 reddi--

185 3274 637 3362 -tibuaaliquotam'pertem,
659 3279 695 3341 vi
735 3277 810 3339 hcet
831 3276 1136 3363 quinquagesimam,
1167 3295 1202 3344 at

193 3360 347 3441 majorem
367 3369 423 3423 aut
441 3358 598 3429 minorem
620 3360 680 3446 ipsi
701 3359 839 3439 collegio
855 3362 1017 3443 assignare.
1065 3361 1118 3427 Ad
1142 3389 1200 3430 cu-

191 3442 243 3525 ine
270 3442 460 3513 solutionem
489 3443 676 3530 possessores
698 3444 939 3532 praedictorum
971 3451 1198 3516 beneficiorum

192 3530 246 3590 seu
274 3527 755 3597 reddituumecclefieflicorum
788 3532 993 3610 tenebuntur,
1023 3547 1119 3620 atque
1141 3560 1200 3621 per.

192 3614 336 3677 censurae
365 3615 613 3692 ecriefiasticaa,
637 3615 888 3699 juriaramedia
917 3640 976 3703 per
1002 3617 1198 3706 Episcopum

190 3696 256 3763 soci
276 3701 518 3783 compellantur,
539 3700 864 3786 oraniappcttniona
879 3703 1053 3787 postposita,
1076 3717 1109 3768 at
1130 3730 1197 3771 non

191 3782 380 3849 obstantibus
398 3785 647 3872 quotuscumque
662 3785 851 3875 :pp-ivisegiie
870 3800 924 3850 aut
945 3792 1200 3859 exemtionibue.

192 3868 234 3935 Si:
253 3880 329 3932 v'ero
347 3867 462 3956 aliqua‘
476 3868 609 3937 Ecclesia
627 3882 738 3937 tantu
750 3884 935 3958 paupertate
955 3874 1142 3954 laboraret,
1164 3890 1198 3941 ut

189 3951 318 4030 judicio·
333 3952 431 4039 ipsine
450 3953 576 4036 synodi
603 3955 775 4043 coslegsum
796 3958 918 4040 erigere
939 3959 1107 4028 commoda
1127 3984 1195 4027 non

220 4078 224 4095 ,
346 4060 410 4099 q„
556 4056 659 4099 „5
779 4094 782 4099 ,
970 4062 1161 4101 ,-
