2528 4522
133 284 211 357 240
349 264 443 366 App.
465 266 496 339 1.
516 267 565 339 nd
581 264 724 337 concil.
747 262 916 340 Trident.

130 457 250 523 nobiae
270 450 447 517 voluntatis
468 451 525 529 lit,
550 460 589 514 nt
605 450 685 527 illa,
715 462 748 513 et
766 449 894 536 pariter
915 449 1050 518 decreta
1070 454 1153 520 sacri

130 542 262 607 concilii
272 537 475 614 Tridentini,
495 538 533 600 in
552 536 621 615 his,
641 554 722 621 quae
740 538 781 598 ad
803 557 919 599 eorum
941 537 1051 603 officia
1073 543 1152 627 spe-

132 640 238 702 ctant,
268 627 306 687 ab
326 623 447 687 eisdem
469 621 603 685 omnino
621 624 846 685 observentur:
880 621 952 686 Nos
970 638 1150 712 propterea

130 711 377 785 considerantes,
399 730 512 794 parurn
533 706 614 781 ell'e,
631 708 700 789 jura
719 704 878 783 condere,
899 709 963 770 nili
985 711 1068 788 fint,
1092 713 1149 799 qui

128 820 166 861 ea
186 798 369 860 executioni
380 792 561 857 demandari
575 788 704 881 saciant,
724 801 757 853 et
776 792 813 853 in
828 795 1026 876 praemissis,
1049 810 1149 882 prout

129 906 173 947 ex
192 883 299 945 debito
314 880 474 966 pastoralis
496 877 595 940 officii
614 877 709 939 nobis
730 877 873 952 (meritis
901 880 983 943 licet
1005 884 1148 968 impari-

127 971 205 1047 bus)
225 969 358 1049 injuncti
385 966 582 1045 obligamur,
611 960 779 1050 salpbriter
809 971 845 1024 et
873 965 1005 1030 utiliter
1026 970 1147 1053 provi·

127 1053 220 1127 dere,
242 1046 461 1138 praefatosque
482 1049 737 1123 constitutiones,
766 1056 800 1108 et
821 1047 1074 1132 ordinationes,
1109 1076 1145 1117 ec

127 1138 253 1202 decreta
273 1137 421 1209 concilii,
443 1155 519 1221 quas
537 1145 571 1196 et
590 1153 670 1219 quae
690 1132 745 1194 bic
763 1131 880 1194 baberi
900 1138 1060 1202 volumus
1084 1158 1145 1222 pro

126 1221 549 1370 pxpmsfis‚flinv}otabditer
565 1216 926 1366 ἧὺῐατηῗυῖζῖωιοίἰ
960 1226 1146 1373 venerelpili

145 1322 222 1371 ratri
248 1332 291 1372 uo
315 1328 352 1369 ro
393 1327 492 1369 oanni
523 1327 542 1367 e
592 1326 628 1366 co
653 1326 673 1365 o
760 1324 777 1364 c
812 1323 866 1370 an.
927 1327 1055 1383 otono,
1112 1333 1144 1375 ο.

126 1392 280 1456 tllicbaeli
300 1397 423 1456 sanctae
443 1326 619 1454 tantitas
629 1324 814 1464 ¹duaceno,
848 1408 886 1450 ac
909 1388 962 1455 Jo.
983 1392 1145 1480 baptistae

126 1478 161 1541 8.
183 1477 358 1542 Clementis
374 1474 516 1553 Cicadae,
536 1496 662 1538 necnon
675 1470 829 1536 Illicbaeli
846 1472 883 1535 8.
903 1474 1045 1543 Sabinae
1059 1478 1145 1545 Ate.

125 1564 305 1635 menno,
336 1559 496 1624 Clementi
515 1558 549 1622 S.
568 1559 692 1629 {isariae
712 1558 749 1621 in
769 1579 824 1621 ara
843 1560 943 1640 caeli,
976 1575 1009 1626 et
1032 1565 1144 1630 Ludo.

126 1650 201 1710 vico
221 1647 321 1712 sancti
339 1644 466 1726 cyrinei
484 1647 520 1707 iu
541 1642 695 1706 Thermis
716 1642 934 1721 Simouettae,
962 1669 999 1712 ac
1021 1649 1141 1715 Corolo

124 1733 226 1797 sancti
235 1730 368 1793 Martini
387 1732 423 1793 in
444 1730 607 1792 montibus
615 1726 813 1793 Borroruaeo
852 1733 1040 1815 reebyteris,
1061 1759 1142 1801 nec-

125 1840 195 1881 non
218 1815 397 1879 Vitellotio
419 1814 453 1877 S.
474 1814 594 1878 blaciae
619 1814 657 1877 in
684 1816 811 1901 porticu
869 1818 979 1881 itellio
1012 1844 1142 1886 nuncu-

125 1904 229 1988 patis,
246 1903 426 1975 titulorum,
450 1898 585 1963 diacono
605 1898 818 1963 cardinalibus
838 1905 1084 1984 committimus,
1107 1921 1141 1972 et

124 1988 328 2050 mandamus:
357 1998 513 2072 quatenus
530 1985 607 2071 ipsi,
627 1989 681 2048 seu
699 2006 813 2049 eorurn
826 1988 929 2069 major
948 2011 1035 2075 pars,
1056 2017 1139 2056 con-

123 2074 275 2156 junctim,
293 2073 349 2137 vel
370 2072 516 2147 divisim,
541 2091 654 2135 eorum
671 2071 825 2147 arbitrie,
842 2074 955 2145 {et‘nrn
973 2086 1139 2164 tamquam

125 2171 314 2223 executores
335 2157 491 2221 dictarum
510 2156 706 2233 litterarum,
726 2156 998 2239 constitutionum,
1023 2176 1056 2225 et
1077 2165 1139 2228 de-

124 2258 284 2308 cretomm
303 2240 539 2331 praedictomrn
560 2241 818 2319 constitutiones,
846 2255 881 2307 et
901 2244 1138 2329 ordinationes,

124 2352 161 2393 ac
185 2332 308 2396 decreta
331 2325 472 2415 praefata
491 2332 583 2413 juxta
603 2340 732 2395 tenores
752 2349 875 2406 eorum,
895 2350 932 2392 ac
954 2333 1138 2402 litterarum

123 2416 256 2503 desuper
276 2411 507 2489 consectatum,
539 2435 598 2500 per
619 2434 834 2500 quoscumque
853 2419 1137 2500 poenitentiariae,

122 2503 263 2565 vicariae
283 2514 315 2564 et
336 2521 489 2573 camerae,
509 2520 544 2561 ac
567 2511 657 2562 rotae
676 2499 851 2575 curiarum,
870 2523 905 2562 ac
921 2505 1135 2571 tribunalium

123 2587 358 2673 praedictorum
385 2585 505 2665 jndices
533 2595 566 2647 et
587 2582 760 2657 officiales,
792 2586 848 2648 sub
871 2594 1135 2653 excommunica-

122 2674 225 2737 tionis
251 2674 335 2734 latae
356 2670 549 2747 sententiae,
573 2678 617 2730 'ac
642 2668 840 2754 privationis
867 2671 1068 2752 officiorum,
1100 2689 1134 2740 et

121 2760 198 2821 aliis
220 2757 341 2821 eisdem
363 2755 576 2817 cardinalibus
596 2755 675 2819 bene
698 2755 786 2833 visis,
804 2756 902 2819 etiam
914 2762 1132 2842 pecuniarum,

123 2867 163 2908 eo
184 2845 253 2930 ipso
276 2841 476 2905 incurrendis
496 2840 631 2926 poenis,
661 2840 799 2903 firmiter
819 2844 983 2906 observari
1001 2841 1132 2924 saciant,

123 2943 249 2993 etcum
273 2929 405 2992 effectu:
434 2925 511 2999 niti,
534 2937 600 2988 tarn
619 2926 656 2989 in
677 2927 869 2990 executione
890 2927 1050 2994 dictorum
1073 2934 1133 2996 de-

122 3028 282 3079 cretorum
297 3011 440 3088 concilii,
461 3032 554 3098 quarn
576 3011 730 3076 dictarum
749 3013 927 3076 litterarum
945 3017 1132 3096 nostrarum,

121 3102 229 3187 alique
250 3101 412 3172 dubietas,
443 3109 499 3159 aut
518 3096 687 3160 difficultas
707 3101 890 3161 emerserit:
911 3121 976 3187 quo
998 3108 1069 3165 casu
1091 3105 1132 3167 ad

120 3206 185 3247 nos
206 3183 363 3260 reserant,
395 3183 546 3246 invocato
567 3183 665 3247 etiam
691 3184 730 3245 ad
754 3183 838 3260 boc,
870 3185 998 3271 fiopus
1020 3183 1131 3265 fuerit,

122 3272 248 3333 auxilio
269 3261 394 3333 bracbii
421 3267 609 3345 saecularis,
642 3269 681 3331 ad
703 3267 823 3346 ²lette,
852 3270 909 3355 qui
929 3271 1067 3347 litteris,
1096 3287 1131 3337 et

119 3351 257 3419 decretis
277 3356 470 3443 praedictis,
504 3366 540 3418 et
557 3355 743 3418 eorumdem
763 3354 975 3418 cardinalium
993 3359 1130 3422 manda-

120 3438 168 3502 tis
187 3461 255 3503 non
275 3442 457 3526 paruerint,
473 3461 517 3504 ex
536 3449 636 3518 tunc,¹
647 3450 746 3526 prout
766 3460 809 3502 ex
829 3438 940 3503 eadem
958 3441 1024 3518 die,
1055 3457 1090 3508 et
1110 3466 1131 3509 e

122 3535 252 3600 contra,
284 3528 418 3590 illorum
442 3524 559 3590 officiis
584 3526 750 3611 privatos,
779 3547 905 3589 necnon
926 3525 966 3588 ad
986 3529 1066 3607 illa,
1096 3542 1130 3594 et

121 3611 188 3673 alia
207 3607 372 3675 Romanae
389 3613 497 3674 curiae
516 3610 622 3674 officia
639 3610 678 3673 in
699 3610 856 3694 poderutn
877 3613 1053 3677 obtinenda
1073 3614 1130 3679 in·

119 3694 263 3769 habiles,
293 3714 329 3757 ae
356 3697 433 3782 ipsis
461 3698 501 3760 ab
525 3696 649 3761 eisdem
679 3694 797 3759 oficiis
823 3697 865 3759 lic
883 3698 1039 3782 privatis,
1071 3701 1147 3763 illa·

122 3793 283 3868 tanqum
300 3800 361 3866 per
386 3781 605 3868 privationem
636 3783 783 3847 vacantia
814 3804 833 3843 a
865 3781 988 3847 datario
1020 3785 1128 3849 nostro

42 3982 51 3991 -
154 3951 458 4029 2)aeproad11oed·
