<?xml version="1.0" encoding="UTF-8"?>
<!DOCTYPE html PUBLIC "-//W3C//DTD XHTML 1.0 Transitional//EN"
    "http://www.w3.org/TR/xhtml1/DTD/xhtml1-transitional.dtd">
<html xmlns="http://www.w3.org/1999/xhtml" xml:lang="en" lang="en">
 <head>
  <title>
</title>
<meta http-equiv="Content-Type" content="text/html;charset=utf-8" />
  <meta name='ocr-system' content='tesseract 3.04.00' />
  <meta name='ocr-capabilities' content='ocr_page ocr_carea ocr_par ocr_line ocrx_word'/>
</head>
<body>
  <div class='ocr_page' id='page_1' title='image "./librisymbolicie00stregoog/librisymbolicie00stregoog_0108.png"; bbox 0 0 2528 4522; ppageno 0'>
   <div class='ocr_carea' id='block_1_1' title="bbox 235 226 1082 363">
    <p class='ocr_par' dir='ltr' id='par_1_1' title="bbox 235 226 1082 363">
     <span class='ocr_line' id='line_1_1' title="bbox 235 226 1082 363; baseline -0.002 -56"><span class='ocrx_word' id='word_1_1' title='bbox 235 233 340 319; x_wconf 78' lang='lat' dir='ltr'>Bulla</span> <span class='ocrx_word' id='word_1_2' title='bbox 363 226 494 355; x_wconf 70' lang='lat' dir='ltr'>celebr.</span> <span class='ocrx_word' id='word_1_3' title='bbox 521 226 712 321; x_wconf 80' lang='lat' dir='ltr'>copo„-sub</span> <span class='ocrx_word' id='word_1_4' title='bbox 733 230 800 319; x_wconf 67' lang='lat' dir='ltr'>Pio</span> <span class='ocrx_word' id='word_1_5' title='bbox 819 228 933 345; x_wconf 35' lang='grc' dir='ltr'>Νέᾳ</span> <span class='ocrx_word' id='word_1_6' title='bbox 1022 248 1082 363; x_wconf 32' lang='grc' dir='ltr'>ρῑ.</span> 
     </span>
    </p>
   </div>
   <div class='ocr_carea' id='block_1_2' title="bbox 54 413 1164 3581">
    <p class='ocr_par' dir='ltr' id='par_1_2' title="bbox 54 413 1164 3581">
     <span class='ocr_line' id='line_1_2' title="bbox 54 413 1073 517; baseline -0.002 -32"><span class='ocrx_word' id='word_1_7' title='bbox 54 440 119 509; x_wconf 81' lang='lat' dir='ltr'>pes</span> <span class='ocrx_word' id='word_1_8' title='bbox 138 414 407 495; x_wconf 73' lang='lat' dir='ltr'>conservandam,</span> <span class='ocrx_word' id='word_1_9' title='bbox 436 413 683 501; x_wconf 72' lang='lat' dir='ltr'>celebrationem</span> <span class='ocrx_word' id='word_1_10' title='bbox 712 415 780 517; x_wconf 72' lang='lat' dir='ltr'>ajpa</span> <span class='ocrx_word' id='word_1_11' title='bbox 800 436 867 491; x_wconf 79' lang='lat' dir='ltr'>aaa</span> <span class='ocrx_word' id='word_1_12' title='bbox 888 415 1073 497; x_wconf 57' lang='lat' dir='ltr'>alieniuxi-</span> 
     </span>
     <span class='ocr_line' id='line_1_3' title="bbox 54 490 1074 585; baseline -0.001 -12"><span class='ocrx_word' id='word_1_13' title='bbox 54 526 132 573; x_wconf 84' lang='lat' dir='ltr'>anua</span> <span class='ocrx_word' id='word_1_14' title='bbox 154 504 277 579; x_wconf 77' lang='lat' dir='ltr'>diutius</span> <span class='ocrx_word' id='word_1_15' title='bbox 299 501 521 570; x_wconf 80' lang='lat' dir='ltr'>differendam.</span> <span class='ocrx_word' id='word_1_16' title='bbox 575 490 702 585; x_wconf 75' lang='lat' dir='ltr'>Habita¹</span> <span class='ocrx_word' id='word_1_17' title='bbox 719 502 821 583; x_wconf 79' lang='lat' dir='ltr'>agitor</span> <span class='ocrx_word' id='word_1_18' title='bbox 842 524 921 575; x_wconf 84' lang='lat' dir='ltr'>oum.</span> <span class='ocrx_word' id='word_1_19' title='bbox 936 506 1074 573; x_wconf 60' lang='lat' dir='ltr'>honera·</span> 
     </span>
     <span class='ocr_line' id='line_1_4' title="bbox 55 581 1073 669; baseline -0.004 -13"><span class='ocrx_word' id='word_1_20' title='bbox 55 592 179 657; x_wconf 86' lang='lat' dir='ltr'>hilihua</span> <span class='ocrx_word' id='word_1_21' title='bbox 200 584 352 651; x_wconf 81' lang='lat' dir='ltr'>iratribus</span> <span class='ocrx_word' id='word_1_22' title='bbox 373 588 507 665; x_wconf 78' lang='lat' dir='ltr'>nostris,</span> <span class='ocrx_word' id='word_1_23' title='bbox 538 581 574 651; x_wconf 88' lang='lat' dir='ltr'>S.</span> <span class='ocrx_word' id='word_1_24' title='bbox 595 586 636 651; x_wconf 87' lang='lat' dir='ltr'>R.</span> <span class='ocrx_word' id='word_1_25' title='bbox 655 584 694 651; x_wconf 88' lang='grc' dir='ltr'>Ε.</span> <span class='ocrx_word' id='word_1_26' title='bbox 715 586 1073 669; x_wconf 61' lang='lat' dir='ltr'>cardinalihua2deliho-</span> 
     </span>
     <span class='ocr_line' id='line_1_5' title="bbox 55 669 1073 755; baseline 0.002 -15"><span class='ocrx_word' id='word_1_27' title='bbox 55 677 185 741; x_wconf 85' lang='lat' dir='ltr'>ratione</span> <span class='ocrx_word' id='word_1_28' title='bbox 206 686 345 750; x_wconf 87' lang='lat' dir='ltr'>matura,</span> <span class='ocrx_word' id='word_1_29' title='bbox 376 669 469 736; x_wconf 84' lang='lat' dir='ltr'>factis</span> <span class='ocrx_word' id='word_1_30' title='bbox 490 673 596 755; x_wconf 87' lang='lat' dir='ltr'>etiarn¹</span> <span class='ocrx_word' id='word_1_31' title='bbox 617 673 750 753; x_wconf 72' lang='lat' dir='ltr'>consilii.</span> <span class='ocrx_word' id='word_1_32' title='bbox 764 672 861 737; x_wconf 80' lang='lat' dir='ltr'>nostri</span> <span class='ocrx_word' id='word_1_33' title='bbox 882 677 1073 747; x_wconf 74' lang='lat' dir='ltr'>certioribua</span> 
     </span>
     <span class='ocr_line' id='line_1_6' title="bbox 56 756 1073 840; baseline 0.003 -15"><span class='ocrx_word' id='word_1_34' title='bbox 56 760 225 827; x_wconf 84' lang='lat' dir='ltr'>cariffimia</span> <span class='ocrx_word' id='word_1_35' title='bbox 254 758 291 822; x_wconf 91' lang='lat' dir='ltr'>in</span> <span class='ocrx_word' id='word_1_36' title='bbox 312 756 433 821; x_wconf 81' lang='lat' dir='ltr'>Christo</span> <span class='ocrx_word' id='word_1_37' title='bbox 458 759 539 821; x_wconf 80' lang='lat' dir='ltr'>filiis</span> <span class='ocrx_word' id='word_1_38' title='bbox 560 756 691 840; x_wconf 74' lang='lat' dir='ltr'>noha-ia,</span> <span class='ocrx_word' id='word_1_39' title='bbox 722 756 928 831; x_wconf 86' lang='lat' dir='ltr'>Ferdinando</span> <span class='ocrx_word' id='word_1_40' title='bbox 949 760 1073 828; x_wconf 81' lang='lat' dir='ltr'>Rotna-</span> 
     </span>
     <span class='ocr_line' id='line_1_7' title="bbox 56 844 1109 934; baseline 0.001 -22"><span class='ocrx_word' id='word_1_41' title='bbox 56 868 178 913; x_wconf 87' lang='lat' dir='ltr'>norum</span> <span class='ocrx_word' id='word_1_42' title='bbox 198 846 391 929; x_wconf 75' lang='lat' dir='ltr'>imperatore</span> <span class='ocrx_word' id='word_1_43' title='bbox 411 844 531 921; x_wconf 88' lang='lat' dir='ltr'>electo,</span> <span class='ocrx_word' id='word_1_44' title='bbox 549 855 582 908; x_wconf 87' lang='lat' dir='ltr'>et</span> <span class='ocrx_word' id='word_1_45' title='bbox 602 844 676 909; x_wconf 85' lang='lat' dir='ltr'>aliia</span> <span class='ocrx_word' id='word_1_46' title='bbox 696 845 842 925; x_wconf 76' lang='lat' dir='ltr'>regibus,</span> <span class='ocrx_word' id='word_1_47' title='bbox 863 857 957 933; x_wconf 87' lang='lat' dir='ltr'>atqua</span> <span class='ocrx_word' id='word_1_48' title='bbox 978 849 1075 934; x_wconf 91' lang='lat' dir='ltr'>prin·</span> <span class='ocrx_word' id='word_1_49' title='bbox 1106 868 1109 875; x_wconf 64' lang='lat'><strong><em>⁴</em></strong></span> 
     </span>
     <span class='ocr_line' id='line_1_8' title="bbox 56 928 1073 1019; baseline 0.002 -24"><span class='ocrx_word' id='word_1_50' title='bbox 56 934 202 1019; x_wconf 85' lang='lat' dir='ltr'>oipihua,</span> <span class='ocrx_word' id='word_1_51' title='bbox 233 951 313 1017; x_wconf 84' lang='lat' dir='ltr'>quoa</span> <span class='ocrx_word' id='word_1_52' title='bbox 334 929 481 1015; x_wconf 85' lang='lat' dir='ltr'>quidem,</span> <span class='ocrx_word' id='word_1_53' title='bbox 508 930 584 993; x_wconf 83' lang='lat' dir='ltr'>licut</span> <span class='ocrx_word' id='word_1_54' title='bbox 604 928 644 993; x_wconf 82' lang='lat' dir='ltr'>de</span> <span class='ocrx_word' id='word_1_55' title='bbox 666 951 777 995; x_wconf 88' lang='lat' dir='ltr'>eorum</span> <span class='ocrx_word' id='word_1_56' title='bbox 799 935 921 1003; x_wconf 84' lang='lat' dir='ltr'>summa</span> <span class='ocrx_word' id='word_1_57' title='bbox 965 933 1073 1013; x_wconf 86' lang='lat' dir='ltr'>ietata,</span> 
     </span>
     <span class='ocr_line' id='line_1_9' title="bbox 55 955 1099 1105; baseline 0.004 -24"><span class='ocrx_word' id='word_1_58' title='bbox 55 1032 89 1083; x_wconf 87' lang='lat' dir='ltr'>et</span> <span class='ocrx_word' id='word_1_59' title='bbox 109 1018 268 1103; x_wconf 77' lang='lat' dir='ltr'>sapientia</span> <span class='ocrx_word' id='word_1_60' title='bbox 291 1014 391 1077; x_wconf 82' lang='lat' dir='ltr'>nobie·</span> <span class='ocrx_word' id='word_1_61' title='bbox 406 1014 657 1100; x_wconf 77' lang='lat' dir='ltr'><strong>pollicebamur,</strong></span> <span class='ocrx_word' id='word_1_62' title='bbox 674 1015 892 1101; x_wconf 84' lang='lat' dir='ltr'>paratiffimoa</span> <span class='ocrx_word' id='word_1_63' title='bbox 912 955 964 1083; x_wconf 57' lang='lat' dir='ltr'>ati)</span> <span class='ocrx_word' id='word_1_64' title='bbox 974 1020 1099 1105; x_wconf 50' lang='lat' dir='ltr'>ipfioa,</span> 
     </span>
     <span class='ocr_line' id='line_1_10' title="bbox 54 1094 1075 1197; baseline 0.002 -29"><span class='ocrx_word' id='word_1_65' title='bbox 54 1103 192 1169; x_wconf 80' lang='lat' dir='ltr'>aoncttti</span> <span class='ocrx_word' id='word_1_66' title='bbox 210 1100 455 1165; x_wconf 77' lang='lat' dir='ltr'>celebrationem</span> <span class='ocrx_word' id='word_1_67' title='bbox 478 1094 691 1197; x_wconf 74' lang='lat' dir='ltr'>adjuvandam</span> <span class='ocrx_word' id='word_1_68' title='bbox 712 1101 920 1181; x_wconf 79' lang='lat' dir='ltr'>invenimue3</span> <span class='ocrx_word' id='word_1_69' title='bbox 949 1102 988 1169; x_wconf 81' lang='lat' dir='ltr'>ad</span> <span class='ocrx_word' id='word_1_70' title='bbox 1010 1103 1075 1175; x_wconf 83' lang='lat' dir='ltr'>Dei</span> 
     </span>
     <span class='ocr_line' id='line_1_11' title="bbox 54 1182 1076 1274; baseline -0.001 -21"><span class='ocrx_word' id='word_1_71' title='bbox 54 1187 293 1273; x_wconf 85' lang='lat' dir='ltr'>omnipotentis</span> <span class='ocrx_word' id='word_1_72' title='bbox 305 1184 443 1265; x_wconf 84' lang='lat' dir='ltr'>laudem,</span> <span class='ocrx_word' id='word_1_73' title='bbox 456 1182 486 1265; x_wconf 77' lang='lat'>4)</span> <span class='ocrx_word' id='word_1_74' title='bbox 497 1186 667 1265; x_wconf 85' lang='lat' dir='ltr'>honorem,</span> <span class='ocrx_word' id='word_1_75' title='bbox 681 1197 714 1249; x_wconf 88' lang='lat' dir='ltr'>et</span> <span class='ocrx_word' id='word_1_76' title='bbox 727 1186 879 1267; x_wconf 79' lang='lat' dir='ltr'>gloriam,</span> <span class='ocrx_word' id='word_1_77' title='bbox 888 1199 984 1274; x_wconf 84' lang='lat' dir='ltr'>atqua</span> <span class='ocrx_word' id='word_1_78' title='bbox 998 1191 1076 1255; x_wconf 90' lang='lat' dir='ltr'>uni-</span> 
     </span>
     <span class='ocr_line' id='line_1_12' title="bbox 54 1268 1075 1358; baseline 0.001 -19"><span class='ocrx_word' id='word_1_79' title='bbox 54 1275 194 1339; x_wconf 77' lang='lat' dir='ltr'>versalia</span> <span class='ocrx_word' id='word_1_80' title='bbox 215 1271 360 1334; x_wconf 86' lang='lat' dir='ltr'>ecclefiae</span> <span class='ocrx_word' id='word_1_81' title='bbox 377 1271 563 1347; x_wconf 77' lang='lat' dir='ltr'>utilitatem,</span> <span class='ocrx_word' id='word_1_82' title='bbox 584 1270 625 1334; x_wconf 89' lang='lat' dir='ltr'>de</span> <span class='ocrx_word' id='word_1_83' title='bbox 647 1270 834 1336; x_wconf 85' lang='lat' dir='ltr'>eorumdem</span> <span class='ocrx_word' id='word_1_84' title='bbox 851 1268 992 1358; x_wconf 66' lang='lat' dir='ltr'>iratrum</span> <span class='ocrx_word' id='word_1_85' title='bbox 1010 1297 1075 1339; x_wconf 88' lang='lat' dir='ltr'>no-</span> 
     </span>
     <span class='ocr_line' id='line_1_13' title="bbox 55 1355 1075 1436; baseline -0.005 -11"><span class='ocrx_word' id='word_1_86' title='bbox 55 1358 191 1425; x_wconf 80' lang='lat' dir='ltr'>strorum</span> <span class='ocrx_word' id='word_1_87' title='bbox 212 1358 364 1434; x_wconf 87' lang='lat' dir='ltr'>confilio,</span> <span class='ocrx_word' id='word_1_88' title='bbox 396 1367 430 1419; x_wconf 91' lang='lat' dir='ltr'>at</span> <span class='ocrx_word' id='word_1_89' title='bbox 452 1355 573 1419; x_wconf 78' lang='lat' dir='ltr'>alienia</span> <span class='ocrx_word' id='word_1_90' title='bbox 605 1355 1008 1436; x_wconf 82' lang='lat' dir='ltr'>iacrumoacumanicum,</span> <span class='ocrx_word' id='word_1_91' title='bbox 1041 1370 1075 1425; x_wconf 84' lang='lat' dir='ltr'>ot</span> 
     </span>
     <span class='ocr_line' id='line_1_14' title="bbox 55 1441 1076 1529; baseline -0.001 -19"><span class='ocrx_word' id='word_1_92' title='bbox 55 1446 207 1529; x_wconf 79' lang='lat' dir='ltr'>generale</span> <span class='ocrx_word' id='word_1_93' title='bbox 229 1443 403 1505; x_wconf 88' lang='lat' dir='ltr'>concilium</span> <span class='ocrx_word' id='word_1_94' title='bbox 423 1461 466 1502; x_wconf 81' lang='lat' dir='ltr'>ex</span> <span class='ocrx_word' id='word_1_95' title='bbox 485 1441 673 1521; x_wconf 80' lang='lat' dir='ltr'>auctoritate</span> <span class='ocrx_word' id='word_1_96' title='bbox 694 1441 835 1525; x_wconf 78' lang='lat' dir='ltr'>ejusdem</span> <span class='ocrx_word' id='word_1_97' title='bbox 854 1441 929 1521; x_wconf 87' lang='lat' dir='ltr'>Dei,</span> <span class='ocrx_word' id='word_1_98' title='bbox 949 1455 981 1511; x_wconf 84' lang='lat' dir='ltr'>at</span> <span class='ocrx_word' id='word_1_99' title='bbox 1003 1446 1076 1509; x_wconf 85' lang='lat' dir='ltr'>bea·</span> 
     </span>
     <span class='ocr_line' id='line_1_15' title="bbox 55 1524 1075 1617; baseline 0 -22"><span class='ocrx_word' id='word_1_100' title='bbox 55 1543 187 1607; x_wconf 86' lang='lat' dir='ltr'>torum,</span> <span class='ocrx_word' id='word_1_101' title='bbox 207 1526 315 1605; x_wconf 79' lang='lat' dir='ltr'>Petri,</span> <span class='ocrx_word' id='word_1_102' title='bbox 339 1537 372 1589; x_wconf 89' lang='lat' dir='ltr'>et</span> <span class='ocrx_word' id='word_1_103' title='bbox 393 1524 495 1604; x_wconf 87' lang='lat' dir='ltr'>Pauli,</span> <span class='ocrx_word' id='word_1_104' title='bbox 517 1524 761 1612; x_wconf 83' lang='lat' dir='ltr'>Apofioloruru,</span> <span class='ocrx_word' id='word_1_105' title='bbox 781 1549 844 1613; x_wconf 87' lang='lat' dir='ltr'>qua</span> <span class='ocrx_word' id='word_1_106' title='bbox 863 1550 924 1592; x_wconf 83' lang='lat' dir='ltr'>noa</span> <span class='ocrx_word' id='word_1_107' title='bbox 949 1550 1075 1617; x_wconf 85' lang='lat' dir='ltr'>quoque</span> 
     </span>
     <span class='ocr_line' id='line_1_16' title="bbox 55 1607 1075 1697; baseline 0.001 -19"><span class='ocrx_word' id='word_1_108' title='bbox 55 1616 94 1681; x_wconf 91' lang='lat' dir='ltr'>in</span> <span class='ocrx_word' id='word_1_109' title='bbox 118 1609 260 1697; x_wconf 63' lang='lat' dir='ltr'>terrica)</span> <span class='ocrx_word' id='word_1_110' title='bbox 291 1609 478 1693; x_wconf 79' lang='lat' dir='ltr'>fungimur,</span> <span class='ocrx_word' id='word_1_111' title='bbox 510 1607 608 1689; x_wconf 86' lang='lat' dir='ltr'>frati,</span> <span class='ocrx_word' id='word_1_112' title='bbox 638 1624 671 1676; x_wconf 91' lang='lat' dir='ltr'>et</span> <span class='ocrx_word' id='word_1_113' title='bbox 702 1612 847 1691; x_wconf 79' lang='lat' dir='ltr'>subnixi,</span> <span class='ocrx_word' id='word_1_114' title='bbox 878 1615 916 1679; x_wconf 86' lang='lat' dir='ltr'>iu</span> <span class='ocrx_word' id='word_1_115' title='bbox 945 1615 1075 1685; x_wconf 81' lang='lat' dir='ltr'>civitate</span> 
     </span>
     <span class='ocr_line' id='line_1_17' title="bbox 56 1696 1077 1775; baseline 0.001 -11"><span class='ocrx_word' id='word_1_116' title='bbox 56 1699 273 1775; x_wconf 71' lang='lat' dir='ltr'>Tridentino,</span> <span class='ocrx_word' id='word_1_117' title='bbox 306 1696 345 1759; x_wconf 89' lang='lat' dir='ltr'>ad</span> <span class='ocrx_word' id='word_1_118' title='bbox 367 1697 606 1761; x_wconf 82' lang='lat' dir='ltr'>sacratiiiimum</span> <span class='ocrx_word' id='word_1_119' title='bbox 627 1697 714 1761; x_wconf 86' lang='lat' dir='ltr'>diem</span> <span class='ocrx_word' id='word_1_120' title='bbox 738 1698 983 1775; x_wconf 80' lang='lat' dir='ltr'>resurrectionis</span> <span class='ocrx_word' id='word_1_121' title='bbox 1004 1698 1077 1765; x_wconf 89' lang='lat' dir='ltr'>Do·</span> 
     </span>
     <span class='ocr_line' id='line_1_18' title="bbox 56 1777 1164 1871; baseline -0.003 -19"><span class='ocrx_word' id='word_1_122' title='bbox 56 1786 198 1852; x_wconf 82' lang='lat' dir='ltr'>minicae</span> <span class='ocrx_word' id='word_1_123' title='bbox 228 1782 399 1871; x_wconf 78' lang='lat' dir='ltr'>proximae</span> <span class='ocrx_word' id='word_1_124' title='bbox 416 1777 445 1871; x_wconf 62' lang='grc' dir='ltr'>ξ)</span> <span class='ocrx_word' id='word_1_125' title='bbox 467 1779 610 1845; x_wconf 79' lang='lat' dir='ltr'>futurum</span> <span class='ocrx_word' id='word_1_126' title='bbox 641 1783 831 1861; x_wconf 85' lang='lat' dir='ltr'>indicimus,</span> <span class='ocrx_word' id='word_1_127' title='bbox 860 1796 894 1848; x_wconf 87' lang='lat' dir='ltr'>et</span> <span class='ocrx_word' id='word_1_128' title='bbox 922 1785 969 1848; x_wconf 90' lang='lat' dir='ltr'>ihi</span> <span class='ocrx_word' id='word_1_129' title='bbox 993 1788 1076 1851; x_wconf 88' lang='lat' dir='ltr'>cela·</span> <span class='ocrx_word' id='word_1_130' title='bbox 1161 1788 1164 1793; x_wconf 81' lang='grc'><em>’</em></span> 
     </span>
     <span class='ocr_line' id='line_1_19' title="bbox 57 1869 1076 1955; baseline 0 -18"><span class='ocrx_word' id='word_1_131' title='bbox 57 1870 237 1948; x_wconf 72' lang='lat' dir='ltr'>hruodum,</span> <span class='ocrx_word' id='word_1_132' title='bbox 269 1869 387 1945; x_wconf 74' lang='lat' dir='ltr'>sublata</span> <span class='ocrx_word' id='word_1_133' title='bbox 407 1872 469 1933; x_wconf 80' lang='lat' dir='ltr'>¹sus</span> <span class='ocrx_word' id='word_1_134' title='bbox 491 1869 625 1949; x_wconf 82' lang='lat' dir='ltr'>¹eniione</span> <span class='ocrx_word' id='word_1_135' title='bbox 659 1890 869 1955; x_wconf 87' lang='lat' dir='ltr'>quacumque,</span> <span class='ocrx_word' id='word_1_136' title='bbox 900 1869 1076 1949; x_wconf 74' lang='lat' dir='ltr'>statuimur,</span> 
     </span>
     <span class='ocr_line' id='line_1_20' title="bbox 58 1889 1076 2044; baseline -0.003 -22"><span class='ocrx_word' id='word_1_137' title='bbox 58 1970 156 2044; x_wconf 72' lang='lat' dir='ltr'>atque</span> <span class='ocrx_word' id='word_1_138' title='bbox 178 1954 389 2019; x_wconf 83' lang='lat' dir='ltr'>decernimus.</span> <span class='ocrx_word' id='word_1_139' title='bbox 453 1889 614 2035; x_wconf 56' lang='lat' dir='ltr'>dhorirca</span> <span class='ocrx_word' id='word_1_140' title='bbox 645 1955 846 2031; x_wconf 82' lang='lat' dir='ltr'>venerabiles</span> <span class='ocrx_word' id='word_1_141' title='bbox 874 1949 990 2019; x_wconf 84' lang='lat' dir='ltr'>fratrea</span> <span class='ocrx_word' id='word_1_142' title='bbox 1011 1979 1076 2021; x_wconf 89' lang='lat' dir='ltr'>no-</span> 
     </span>
     <span class='ocr_line' id='line_1_21' title="bbox 58 2036 1077 2129; baseline -0.003 -21"><span class='ocrx_word' id='word_1_143' title='bbox 58 2043 157 2120; x_wconf 79' lang='lat' dir='ltr'>stroe,</span> <span class='ocrx_word' id='word_1_144' title='bbox 189 2041 338 2104; x_wconf 85' lang='lat' dir='ltr'>omnibus</span> <span class='ocrx_word' id='word_1_145' title='bbox 361 2060 404 2102; x_wconf 85' lang='lat' dir='ltr'>ex</span> <span class='ocrx_word' id='word_1_146' title='bbox 423 2039 525 2117; x_wconf 88' lang='lat' dir='ltr'>locis,</span> <span class='ocrx_word' id='word_1_147' title='bbox 555 2036 774 2124; x_wconf 82' lang='lat' dir='ltr'>patriarchae,</span> <span class='ocrx_word' id='word_1_148' title='bbox 805 2039 1077 2129; x_wconf 79' lang='lat' dir='ltr'>archiepiscopos,</span> 
     </span>
     <span class='ocr_line' id='line_1_22' title="bbox 60 2124 1077 2215; baseline -0.004 -22"><span class='ocrx_word' id='word_1_149' title='bbox 60 2128 252 2215; x_wconf 83' lang='lat' dir='ltr'>apiioopoa,</span> <span class='ocrx_word' id='word_1_150' title='bbox 284 2137 317 2188; x_wconf 83' lang='lat' dir='ltr'>et</span> <span class='ocrx_word' id='word_1_151' title='bbox 346 2124 483 2187; x_wconf 74' lang='lat' dir='ltr'>dilector</span> <span class='ocrx_word' id='word_1_152' title='bbox 503 2124 594 2187; x_wconf 83' lang='lat' dir='ltr'>fflioa</span> <span class='ocrx_word' id='word_1_153' title='bbox 616 2126 761 2201; x_wconf 79' lang='lat' dir='ltr'>abbates,</span> <span class='ocrx_word' id='word_1_154' title='bbox 794 2137 980 2211; x_wconf 82' lang='lat' dir='ltr'>ceterosque</span> <span class='ocrx_word' id='word_1_155' title='bbox 1001 2127 1077 2212; x_wconf 85' lang='lat' dir='ltr'>qui-</span> 
     </span>
     <span class='ocr_line' id='line_1_23' title="bbox 58 2209 1077 2289; baseline -0.003 -12"><span class='ocrx_word' id='word_1_156' title='bbox 58 2212 123 2277; x_wconf 85' lang='lat' dir='ltr'>bua</span> <span class='ocrx_word' id='word_1_157' title='bbox 142 2213 181 2275; x_wconf 87' lang='lat' dir='ltr'>in</span> <span class='ocrx_word' id='word_1_158' title='bbox 199 2211 339 2275; x_wconf 84' lang='lat' dir='ltr'>concilio</span> <span class='ocrx_word' id='word_1_159' title='bbox 362 2209 506 2289; x_wconf 85' lang='lat' dir='ltr'>generali</span> <span class='ocrx_word' id='word_1_160' title='bbox 535 2209 654 2283; x_wconf 81' lang='lat' dir='ltr'>sedere,</span> <span class='ocrx_word' id='word_1_161' title='bbox 682 2220 715 2272; x_wconf 89' lang='lat' dir='ltr'>et</span> <span class='ocrx_word' id='word_1_162' title='bbox 745 2211 934 2272; x_wconf 78' lang='lat' dir='ltr'>tentantium</span> <span class='ocrx_word' id='word_1_163' title='bbox 960 2210 1077 2287; x_wconf 87' lang='lat' dir='ltr'>dicore,</span> 
     </span>
     <span class='ocr_line' id='line_1_24' title="bbox 58 2291 1078 2384; baseline -0.004 -21"><span class='ocrx_word' id='word_1_164' title='bbox 58 2300 130 2384; x_wconf 82' lang='lat' dir='ltr'>jore</span> <span class='ocrx_word' id='word_1_165' title='bbox 149 2297 331 2371; x_wconf 83' lang='lat' dir='ltr'>communi,</span> <span class='ocrx_word' id='word_1_166' title='bbox 352 2296 407 2358; x_wconf 75' lang='lat' dir='ltr'>rel</span> <span class='ocrx_word' id='word_1_167' title='bbox 427 2315 469 2357; x_wconf 87' lang='lat' dir='ltr'>ex</span> <span class='ocrx_word' id='word_1_168' title='bbox 491 2291 683 2378; x_wconf 84' lang='lat' dir='ltr'>privilagio,</span> <span class='ocrx_word' id='word_1_169' title='bbox 705 2294 760 2355; x_wconf 86' lang='lat' dir='ltr'>vel</span> <span class='ocrx_word' id='word_1_170' title='bbox 781 2313 823 2356; x_wconf 85' lang='lat' dir='ltr'>ex</span> <span class='ocrx_word' id='word_1_171' title='bbox 846 2294 975 2380; x_wconf 84' lang='lat' dir='ltr'>antiqua</span> <span class='ocrx_word' id='word_1_172' title='bbox 996 2317 1078 2358; x_wconf 85' lang='lat' dir='ltr'>con-</span> 
     </span>
     <span class='ocr_line' id='line_1_25' title="bbox 59 2374 1079 2457; baseline -0.006 -7"><span class='ocrx_word' id='word_1_173' title='bbox 59 2382 230 2451; x_wconf 80' lang='lat' dir='ltr'>suetudine</span> <span class='ocrx_word' id='word_1_174' title='bbox 250 2382 345 2457; x_wconf 87' lang='lat' dir='ltr'>licet,</span> <span class='ocrx_word' id='word_1_175' title='bbox 372 2379 584 2443; x_wconf 82' lang='lat' dir='ltr'>vehementer</span> <span class='ocrx_word' id='word_1_176' title='bbox 605 2379 641 2438; x_wconf 91' lang='lat' dir='ltr'>in</span> <span class='ocrx_word' id='word_1_177' title='bbox 662 2374 806 2441; x_wconf 89' lang='lat' dir='ltr'>Domino</span> <span class='ocrx_word' id='word_1_178' title='bbox 828 2377 1015 2456; x_wconf 87' lang='lat' dir='ltr'>hortamur,</span> <span class='ocrx_word' id='word_1_179' title='bbox 1046 2394 1079 2444; x_wconf 89' lang='lat' dir='ltr'>at</span> 
     </span>
     <span class='ocr_line' id='line_1_26' title="bbox 59 2461 1079 2551; baseline -0.01 -13"><span class='ocrx_word' id='word_1_180' title='bbox 59 2480 252 2544; x_wconf 76' lang='lat' dir='ltr'>monemus,</span> <span class='ocrx_word' id='word_1_181' title='bbox 286 2476 382 2551; x_wconf 86' lang='lat' dir='ltr'>atqua</span> <span class='ocrx_word' id='word_1_182' title='bbox 412 2465 509 2528; x_wconf 90' lang='lat' dir='ltr'>etiam</span> <span class='ocrx_word' id='word_1_183' title='bbox 539 2461 674 2525; x_wconf 81' lang='lat' dir='ltr'>districte</span> <span class='ocrx_word' id='word_1_184' title='bbox 694 2462 923 2550; x_wconf 87' lang='lat' dir='ltr'>praecipiendo</span> <span class='ocrx_word' id='word_1_185' title='bbox 943 2462 1079 2535; x_wconf 81' lang='lat' dir='ltr'>manda·</span> 
     </span>
     <span class='ocr_line' id='line_1_27' title="bbox 60 2547 1079 2638; baseline -0.005 -18"><span class='ocrx_word' id='word_1_186' title='bbox 60 2576 133 2619; x_wconf 85' lang='lat' dir='ltr'>mua</span> <span class='ocrx_word' id='word_1_187' title='bbox 167 2554 206 2617; x_wconf 94' lang='lat' dir='ltr'>in</span> <span class='ocrx_word' id='word_1_188' title='bbox 245 2551 368 2615; x_wconf 79' lang='lat' dir='ltr'>virtute</span> <span class='ocrx_word' id='word_1_189' title='bbox 398 2553 520 2615; x_wconf 79' lang='lat' dir='ltr'>sanctae</span> <span class='ocrx_word' id='word_1_190' title='bbox 552 2547 772 2626; x_wconf 86' lang='lat' dir='ltr'>obedientiae,</span> <span class='ocrx_word' id='word_1_191' title='bbox 813 2551 851 2613; x_wconf 92' lang='lat' dir='ltr'>in</span> <span class='ocrx_word' id='word_1_192' title='bbox 885 2550 921 2612; x_wconf 81' lang='lat' dir='ltr'>vi</span> <span class='ocrx_word' id='word_1_193' title='bbox 951 2571 1079 2638; x_wconf 81' lang='lat' dir='ltr'>quoque</span> 
     </span>
     <span class='ocr_line' id='line_1_28' title="bbox 61 2634 1078 2743; baseline -0.005 -37"><span class='ocrx_word' id='word_1_194' title='bbox 61 2634 259 2743; x_wconf 77' lang='lat' dir='ltr'>juramenti,</span> <span class='ocrx_word' id='word_1_195' title='bbox 293 2635 378 2724; x_wconf 87' lang='lat' dir='ltr'>quod</span> <span class='ocrx_word' id='word_1_196' title='bbox 410 2634 651 2721; x_wconf 84' lang='lat' dir='ltr'>praestiterunt,</span> <span class='ocrx_word' id='word_1_197' title='bbox 684 2644 717 2696; x_wconf 87' lang='lat' dir='ltr'>et</span> <span class='ocrx_word' id='word_1_198' title='bbox 744 2635 801 2699; x_wconf 87' lang='lat' dir='ltr'>Iob</span> <span class='ocrx_word' id='word_1_199' title='bbox 833 2634 968 2720; x_wconf 85' lang='lat' dir='ltr'>poenis,</span> <span class='ocrx_word' id='word_1_200' title='bbox 999 2654 1078 2724; x_wconf 86' lang='lat' dir='ltr'>quaa</span> 
     </span>
     <span class='ocr_line' id='line_1_29' title="bbox 62 2712 1078 2805; baseline -0.005 -13"><span class='ocrx_word' id='word_1_201' title='bbox 62 2748 99 2791; x_wconf 89' lang='lat' dir='ltr'>m</span> <span class='ocrx_word' id='word_1_202' title='bbox 128 2746 205 2805; x_wconf 88' lang='lat' dir='ltr'>eoa,</span> <span class='ocrx_word' id='word_1_203' title='bbox 267 2722 299 2784; x_wconf 92' lang='lat' dir='ltr'>ui</span> <span class='ocrx_word' id='word_1_204' title='bbox 324 2720 363 2805; x_wconf 80' lang='lat' dir='ltr'>ad</span> <span class='ocrx_word' id='word_1_205' title='bbox 395 2720 532 2785; x_wconf 87' lang='lat' dir='ltr'>concilia</span> <span class='ocrx_word' id='word_1_206' title='bbox 565 2712 727 2800; x_wconf 81' lang='lat' dir='ltr'>generalia</span> <span class='ocrx_word' id='word_1_207' title='bbox 755 2721 932 2784; x_wconf 85' lang='lat' dir='ltr'>convenire</span> <span class='ocrx_word' id='word_1_208' title='bbox 963 2723 1078 2803; x_wconf 82' lang='lat' dir='ltr'>negle-</span> 
     </span>
     <span class='ocr_line' id='line_1_30' title="bbox 63 2803 1078 2891; baseline -0.006 -14"><span class='ocrx_word' id='word_1_209' title='bbox 63 2812 192 2891; x_wconf 81' lang='lat' dir='ltr'>xerint,</span> <span class='ocrx_word' id='word_1_210' title='bbox 234 2819 249 2851; x_wconf 76' lang='lat'>⁸</span> <span class='ocrx_word' id='word_1_211' title='bbox 285 2806 381 2891; x_wconf 77' lang='lat' dir='ltr'>sacris</span> <span class='ocrx_word' id='word_1_212' title='bbox 418 2807 523 2871; x_wconf 80' lang='lat' dir='ltr'>sciunt</span> <span class='ocrx_word' id='word_1_213' title='bbox 562 2803 625 2870; x_wconf 87' lang='lat' dir='ltr'>eiI&#39;e</span> <span class='ocrx_word' id='word_1_214' title='bbox 668 2806 843 2870; x_wconf 73' lang='lat' dir='ltr'>canonibus</span> <span class='ocrx_word' id='word_1_215' title='bbox 883 2803 1078 2885; x_wconf 75' lang='lat' dir='ltr'>constitutae,</span> 
     </span>
     <span class='ocr_line' id='line_1_31' title="bbox 65 2888 1080 2973; baseline -0.008 -11"><span class='ocrx_word' id='word_1_216' title='bbox 65 2906 102 2963; x_wconf 81' lang='lat' dir='ltr'>ut</span> <span class='ocrx_word' id='word_1_217' title='bbox 131 2894 173 2961; x_wconf 81' lang='lat' dir='ltr'>ad</span> <span class='ocrx_word' id='word_1_218' title='bbox 206 2893 380 2973; x_wconf 85' lang='lat' dir='ltr'>concilium</span> <span class='ocrx_word' id='word_1_219' title='bbox 419 2891 467 2956; x_wconf 89' lang='lat' dir='ltr'>ibi</span> <span class='ocrx_word' id='word_1_220' title='bbox 493 2888 731 2957; x_wconf 68' lang='lat' dir='ltr'>*celebrandum</span> <span class='ocrx_word' id='word_1_221' title='bbox 770 2891 983 2968; x_wconf 82' lang='lat' dir='ltr'>conveniant,</span> <span class='ocrx_word' id='word_1_222' title='bbox 1022 2891 1080 2955; x_wconf 91' lang='lat' dir='ltr'>in·</span> 
     </span>
     <span class='ocr_line' id='line_1_32' title="bbox 65 2971 1080 3060; baseline -0.008 -12"><span class='ocrx_word' id='word_1_223' title='bbox 65 2980 220 3047; x_wconf 75' lang='lat' dir='ltr'>trucem</span> <span class='ocrx_word' id='word_1_224' title='bbox 252 2980 357 3055; x_wconf 90' lang='lat' dir='ltr'>diem,</span> <span class='ocrx_word' id='word_1_225' title='bbox 381 2977 449 3040; x_wconf 84' lang='lat' dir='ltr'>nih</span> <span class='ocrx_word' id='word_1_226' title='bbox 483 2971 569 3041; x_wconf 74' lang='lat' dir='ltr'>{orte</span> <span class='ocrx_word' id='word_1_227' title='bbox 600 2974 835 3060; x_wconf 85' lang='lat' dir='ltr'>impedimento</span> <span class='ocrx_word' id='word_1_228' title='bbox 870 2971 994 3040; x_wconf 80' lang='lat' dir='ltr'>fuerint</span> <span class='ocrx_word' id='word_1_229' title='bbox 1027 2978 1080 3040; x_wconf 89' lang='lat' dir='ltr'>le·</span> 
     </span>
     <span class='ocr_line' id='line_1_33' title="bbox 67 3059 1079 3152; baseline -0.005 -21"><span class='ocrx_word' id='word_1_230' title='bbox 67 3066 181 3149; x_wconf 70' lang='lat' dir='ltr'>gitimo</span> <span class='ocrx_word' id='word_1_231' title='bbox 212 3062 414 3152; x_wconf 80' lang='lat' dir='ltr'>praepediti:</span> <span class='ocrx_word' id='word_1_232' title='bbox 457 3060 542 3148; x_wconf 84' lang='lat' dir='ltr'>quod</span> <span class='ocrx_word' id='word_1_233' title='bbox 575 3074 680 3126; x_wconf 86' lang='lat' dir='ltr'>tamen</span> <span class='ocrx_word' id='word_1_234' title='bbox 716 3059 986 3146; x_wconf 83' lang='lat' dir='ltr'>impedimentum</span> <span class='ocrx_word' id='word_1_235' title='bbox 1043 3081 1079 3126; x_wconf 82' lang='lat' dir='ltr'>ar</span> 
     </span>
     <span class='ocr_line' id='line_1_34' title="bbox 68 3082 1079 3237; baseline -0.008 -19"><span class='ocrx_word' id='word_1_236' title='bbox 68 3154 232 3237; x_wconf 75' lang='lat' dir='ltr'>legitimos</span> <span class='ocrx_word' id='word_1_237' title='bbox 255 3158 475 3236; x_wconf 87' lang='lat' dir='ltr'>procuratores</span> <span class='ocrx_word' id='word_1_238' title='bbox 496 3146 619 3229; x_wconf 83' lang='lat' dir='ltr'>synodo</span> <span class='ocrx_word' id='word_1_239' title='bbox 640 3147 778 3232; x_wconf 87' lang='lat' dir='ltr'>probare</span> <span class='ocrx_word' id='word_1_240' title='bbox 791 3145 962 3221; x_wconf 88' lang='lat' dir='ltr'>debebunt.</span> <span class='ocrx_word' id='word_1_241' title='bbox 1002 3082 1079 3210; x_wconf 60' lang='lat' dir='ltr'>hio-</span> 
     </span>
     <span class='ocr_line' id='line_1_35' title="bbox 69 3231 1079 3311; baseline -0.008 -8"><span class='ocrx_word' id='word_1_242' title='bbox 69 3259 178 3303; x_wconf 86' lang='lat' dir='ltr'>uamua</span> <span class='ocrx_word' id='word_1_243' title='bbox 223 3246 497 3298; x_wconf 82' lang='lat' dir='ltr'>caeterea·omnea</span> <span class='ocrx_word' id='word_1_244' title='bbox 518 3243 554 3296; x_wconf 81' lang='lat' dir='ltr'>et</span> <span class='ocrx_word' id='word_1_245' title='bbox 579 3231 741 3311; x_wconf 84' lang='lat' dir='ltr'>fingoloa,</span> <span class='ocrx_word' id='word_1_246' title='bbox 797 3253 913 3307; x_wconf 84' lang='lat' dir='ltr'>uorum</span> <span class='ocrx_word' id='word_1_247' title='bbox 940 3232 1079 3310; x_wconf 78' lang='lat' dir='ltr'>interest,</span> 
     </span>
     <span class='ocr_line' id='line_1_36' title="bbox 69 3253 1080 3407; baseline -0.006 -19"><span class='ocrx_word' id='word_1_248' title='bbox 69 3324 172 3405; x_wconf 82' lang='lat' dir='ltr'>intere</span> <span class='ocrx_word' id='word_1_249' title='bbox 199 3343 261 3385; x_wconf 80' lang='lat' dir='ltr'>ave</span> <span class='ocrx_word' id='word_1_250' title='bbox 283 3319 419 3407; x_wconf 86' lang='lat' dir='ltr'>poterit,</span> <span class='ocrx_word' id='word_1_251' title='bbox 440 3317 532 3379; x_wconf 83' lang='lat' dir='ltr'>utin</span> <span class='ocrx_word' id='word_1_252' title='bbox 554 3317 694 3380; x_wconf 87' lang='lat' dir='ltr'>concilio</span> <span class='ocrx_word' id='word_1_253' title='bbox 714 3253 818 3378; x_wconf 59' lang='lat' dir='ltr'>adeiie</span> <span class='ocrx_word' id='word_1_254' title='bbox 839 3339 881 3380; x_wconf 92' lang='lat' dir='ltr'>ne</span> <span class='ocrx_word' id='word_1_255' title='bbox 902 3318 1080 3399; x_wconf 76' lang='lat' dir='ltr'>negligant.</span> 
     </span>
     <span class='ocr_line' id='line_1_37' title="bbox 71 3399 1080 3479; baseline -0.003 -8"><span class='ocrx_word' id='word_1_256' title='bbox 71 3406 254 3473; x_wconf 83' lang='lat' dir='ltr'>Gariffimoa</span> <span class='ocrx_word' id='word_1_257' title='bbox 275 3427 353 3468; x_wconf 83' lang='lat' dir='ltr'>vero</span> <span class='ocrx_word' id='word_1_258' title='bbox 374 3404 410 3467; x_wconf 92' lang='lat' dir='ltr'>in</span> <span class='ocrx_word' id='word_1_259' title='bbox 432 3399 552 3465; x_wconf 81' lang='lat' dir='ltr'>Christo</span> <span class='ocrx_word' id='word_1_260' title='bbox 574 3404 664 3465; x_wconf 77' lang='lat' dir='ltr'>filios</span> <span class='ocrx_word' id='word_1_261' title='bbox 693 3402 831 3479; x_wconf 80' lang='lat' dir='ltr'>nostros,</span> <span class='ocrx_word' id='word_1_262' title='bbox 859 3400 1080 3469; x_wconf 84' lang='lat' dir='ltr'>Rornanorum</span> 
     </span>
     <span class='ocr_line' id='line_1_38' title="bbox 73 3489 1080 3581; baseline -0.005 -22"><span class='ocrx_word' id='word_1_263' title='bbox 73 3492 295 3581; x_wconf 85' lang='lat' dir='ltr'>imperatorem</span> <span class='ocrx_word' id='word_1_264' title='bbox 316 3492 472 3565; x_wconf 87' lang='lat' dir='ltr'>electum,</span> <span class='ocrx_word' id='word_1_265' title='bbox 501 3499 688 3575; x_wconf 80' lang='lat' dir='ltr'>ceterosque</span> <span class='ocrx_word' id='word_1_266' title='bbox 708 3507 818 3570; x_wconf 76' lang='lat' dir='ltr'>rages,</span> <span class='ocrx_word' id='word_1_267' title='bbox 847 3489 1080 3576; x_wconf 77' lang='lat' dir='ltr'>-etptincipea,</span> 
     </span>
    </p>
   </div>
   <div class='ocr_carea' id='block_1_3' title="bbox 104 3675 1100 3753">
    <p class='ocr_par' dir='ltr' id='par_1_3' title="bbox 104 3675 1100 3753">
     <span class='ocr_line' id='line_1_39' title="bbox 104 3675 1100 3753; baseline -0.007 -15"><span class='ocrx_word' id='word_1_268' title='bbox 104 3688 132 3753; x_wconf 66' lang='grc'>4)</span> <span class='ocrx_word' id='word_1_269' title='bbox 150 3696 180 3741; x_wconf 84' lang='lat' dir='ltr'>at</span> <span class='ocrx_word' id='word_1_270' title='bbox 194 3684 261 3742; x_wconf 78' lang='lat' dir='ltr'>add.</span> <span class='ocrx_word' id='word_1_271' title='bbox 277 3680 369 3740; x_wconf 81' lang='lat' dir='ltr'>Hord.</span> <span class='ocrx_word' id='word_1_272' title='bbox 386 3708 423 3725; x_wconf 78' lang='grc' dir='ltr'>ι-</span> <span class='ocrx_word' id='word_1_273' title='bbox 450 3679 487 3746; x_wconf 82' lang='grc'>.5)</span> <span class='ocrx_word' id='word_1_274' title='bbox 506 3680 635 3746; x_wconf 82' lang='lat' dir='ltr'>proxima</span> <span class='ocrx_word' id='word_1_275' title='bbox 654 3675 713 3732; x_wconf 80' lang='lat' dir='ltr'>aad.</span> <span class='ocrx_word' id='word_1_276' title='bbox 730 3687 759 3729; x_wconf 80' lang='lat' dir='ltr'>et</span> <span class='ocrx_word' id='word_1_277' title='bbox 774 3679 851 3732; x_wconf 85' lang='lat' dir='ltr'>Rom.</span> <span class='ocrx_word' id='word_1_278' title='bbox 865 3679 915 3745; x_wconf 65' lang='lat' dir='ltr'>M,</span> <span class='ocrx_word' id='word_1_279' title='bbox 936 3677 990 3737; x_wconf 73' lang='lat' dir='ltr'>Va„</span> <span class='ocrx_word' id='word_1_280' title='bbox 1008 3675 1081 3750; x_wconf 69' lang='grc' dir='ltr'>01ιίῙῖ</span> <span class='ocrx_word' id='word_1_281' title='bbox 1097 3738 1100 3745; x_wconf 46' lang='grc'>,</span> 
     </span>
    </p>
   </div>
   <div class='ocr_carea' id='block_1_4' title="bbox 105 3783 1081 3929">
    <p class='ocr_par' dir='ltr' id='par_1_4' title="bbox 105 3783 1081 3929">
     <span class='ocr_line' id='line_1_40' title="bbox 105 3783 1081 3860; baseline -0.006 -17"><span class='ocrx_word' id='word_1_282' title='bbox 105 3794 131 3860; x_wconf 84' lang='lat'>2)</span> <span class='ocrx_word' id='word_1_283' title='bbox 148 3791 247 3846; x_wconf 86' lang='lat' dir='ltr'>Matth.</span> <span class='ocrx_word' id='word_1_284' title='bbox 265 3796 317 3851; x_wconf 84' lang='lat'>16,</span> <span class='ocrx_word' id='word_1_285' title='bbox 338 3805 365 3846; x_wconf 85' lang='lat' dir='ltr'>ta</span> <span class='ocrx_word' id='word_1_286' title='bbox 384 3787 421 3856; x_wconf 77' lang='lat' dir='ltr'>sq.</span> <span class='ocrx_word' id='word_1_287' title='bbox 439 3814 484 3852; x_wconf 90' lang='lat'>··.</span> <span class='ocrx_word' id='word_1_288' title='bbox 519 3787 547 3850; x_wconf 88' lang='lat' dir='ltr'>a)</span> <span class='ocrx_word' id='word_1_289' title='bbox 565 3784 652 3840; x_wconf 71' lang='lat' dir='ltr'>(lonc.</span> <span class='ocrx_word' id='word_1_290' title='bbox 670 3783 762 3839; x_wconf 85' lang='lat' dir='ltr'>Carth.</span> <span class='ocrx_word' id='word_1_291' title='bbox 782 3785 830 3839; x_wconf 88' lang='lat' dir='ltr'>ttt.</span> <span class='ocrx_word' id='word_1_292' title='bbox 848 3799 872 3836; x_wconf 89' lang='lat' dir='ltr'>c.</span> <span class='ocrx_word' id='word_1_293' title='bbox 891 3801 916 3837; x_wconf 90' lang='lat' dir='ltr'>a.</span> <span class='ocrx_word' id='word_1_294' title='bbox 932 3789 995 3844; x_wconf 79' lang='grc'><strong>397.</strong></span> <span class='ocrx_word' id='word_1_295' title='bbox 1020 3799 1081 3850; x_wconf 85' lang='lat' dir='ltr'>cap.</span> 
     </span>
     <span class='ocr_line' id='line_1_41' title="bbox 107 3852 1081 3929; baseline -0.01 -11"><span class='ocrx_word' id='word_1_296' title='bbox 107 3869 149 3924; x_wconf 69' lang='grc'>43.</span> <span class='ocrx_word' id='word_1_297' title='bbox 166 3861 266 3929; x_wconf 83' lang='lat' dir='ltr'>(Maufi</span> <span class='ocrx_word' id='word_1_298' title='bbox 292 3863 327 3917; x_wconf 93' lang='grc' dir='ltr'>Τ.</span> <span class='ocrx_word' id='word_1_299' title='bbox 346 3862 394 3914; x_wconf 91' lang='lat' dir='ltr'>ltt.</span> <span class='ocrx_word' id='word_1_300' title='bbox 425 3875 451 3926; x_wconf 89' lang='lat' dir='ltr'>p.</span> <span class='ocrx_word' id='word_1_301' title='bbox 470 3859 560 3925; x_wconf 81' lang='lat'>888.);</span> <span class='ocrx_word' id='word_1_302' title='bbox 592 3854 655 3910; x_wconf 76' lang='lat' dir='ltr'>tett.</span> <span class='ocrx_word' id='word_1_303' title='bbox 672 3856 786 3911; x_wconf 61' lang='lat' dir='ltr'>xxm,</span> <span class='ocrx_word' id='word_1_304' title='bbox 808 3855 844 3909; x_wconf 86' lang='lat' dir='ltr'>da</span> <span class='ocrx_word' id='word_1_305' title='bbox 866 3852 978 3909; x_wconf 77' lang='lat' dir='ltr'>reform.</span> <span class='ocrx_word' id='word_1_306' title='bbox 1010 3869 1035 3908; x_wconf 85' lang='lat' dir='ltr'>c.</span> <span class='ocrx_word' id='word_1_307' title='bbox 1053 3861 1081 3916; x_wconf 83' lang='lat'>2.</span> 
     </span>
    </p>
   </div>
   <div class='ocr_carea' id='block_1_5' title="bbox 108 3933 543 3993">
    <p class='ocr_par' dir='ltr' id='par_1_5' title="bbox 108 3933 543 3993">
     <span class='ocr_line' id='line_1_42' title="bbox 108 3933 543 3993; baseline 0.005 -6"><span class='ocrx_word' id='word_1_308' title='bbox 108 3939 178 3988; x_wconf 84' lang='lat' dir='ltr'>circa</span> <span class='ocrx_word' id='word_1_309' title='bbox 194 3933 243 3990; x_wconf 82' lang='lat' dir='ltr'>fio.</span> <span class='ocrx_word' id='word_1_310' title='bbox 438 3988 441 3993; x_wconf 86' lang='grc'><em>,</em></span> <span class='ocrx_word' id='word_1_311' title='bbox 539 3978 543 3989; x_wconf 94' lang='grc'><strong>.</strong></span> 
     </span>
    </p>
   </div>
   <div class='ocr_carea' id='block_1_6' title="bbox 134 4015 859 4095">
    <p class='ocr_par' dir='ltr' id='par_1_6' title="bbox 134 4015 859 4095">
     <span class='ocr_line' id='line_1_43' title="bbox 134 4015 859 4095; baseline -0.015 -4"><span class='ocrx_word' id='word_1_312' title='bbox 134 4026 179 4095; x_wconf 90' lang='grc' dir='ltr'>Π.</span> <span class='ocrx_word' id='word_1_313' title='bbox 829 4015 859 4080; x_wconf 88' lang='lat' dir='ltr'><strong>G</strong></span> 
     </span>
    </p>
   </div>
   <div class='ocr_carea' id='block_1_7' title="bbox 0 0 1286 4522">
    <p class='ocr_par' dir='ltr' id='par_1_7' title="bbox 0 0 1286 4522">
     <span class='ocr_line' id='line_1_44' title="bbox 0 0 1286 4522; baseline 0 0"><span class='ocrx_word' id='word_1_314' title='bbox 0 0 1286 4522; x_wconf 95' lang='lat' dir='ltr'> </span> 
     </span>
    </p>
   </div>
  </div>
 </body>
</html>
