2528 4522
265 275 314 344 14
378 258 472 358 App.
493 258 523 332 l.
548 260 596 329 ad
621 258 756 328 Coracil.
781 257 944 327 Trident.
995 256 1081 327 Seis.
1106 255 1136 328 l.

260 448 310 502 dne
327 452 402 516 pater
419 446 537 498 dominae
555 447 691 514 episcopua
710 443 856 496 Ritontinue
874 440 906 507 ο)
926 438 1015 494 babuit
1032 441 1185 496 oratione..
1230 452 1252 485 t·

259 520 320 573 inde
339 521 410 571 sinite
429 520 515 583 milla,
544 518 627 569 dictae
653 514 871 569 reverendiffimne
895 513 1013 565 dominns
1030 514 1063 565 de
1083 514 1174 566 Monte
1192 514 1259 584 cardi

260 593 326 655 nalie
351 591 423 642 dedit
448 589 653 641 benedictionem
676 589 781 655 populo.
829 585 992 637 Postmodum
1017 587 1163 652 comperuit
1189 600 1264 637 core

260 664 358 715 eiedem
381 660 591 713 reverendiffimie
618 661 710 724 legatie
739 667 765 710 et
794 657 916 724 preeletie
947 659 1071 722 egregiae
1096 658 1136 708 vir
1158 658 1255 722 sagitt

259 735 384 797 Zorrille,
403 733 552 795 secretarios
569 732 719 784 illustriffimi
738 729 834 781 domini
854 727 943 778 Didaci
961 728 995 779 de
1013 726 1161 791 blendoee,
1188 736 1259 780 orato

259 808 295 856 rie
316 805 458 856 Caesareae
476 810 503 854 et
521 803 664 854 catholicee
682 801 828 867 mejestatie,
847 805 874 849 et
893 799 1062 865 preescntevit
1079 799 1180 851 litterae
1196 814 1229 851 ex
1252 821 1253 830 ¹

260 877 366 928 sutoriae
386 877 460 943 super
483 874 540 940 ejne
558 875 687 938 alisontia,
713 889 779 938 qnae
805 871 907 922 tuerent
932 872 1016 923 lectae
1036 872 1089 922 alte
1114 886 1190 924 voce.
1232 871 1253 923 1·

260 955 332 1000 terea
350 949 432 999 lectae
450 946 552 998 suerunt
579 947 664 997 bullae
689 942 834 997 indictionis
852 942 969 1005 concilii,
996 941 1155 1010 postmodnm
1174 942 1259 1010 praese

260 1027 302 1071 tue
322 1018 539 1072 reverendisiimne
556 1018 590 1070 de
607 1017 698 1071 Monte
716 1016 817 1082 legetur
838 1014 915 1066 vertit
943 1013 969 1066 se
993 1013 1027 1066 ed
1053 1020 1143 1097 patrep
1162 1014 1255 1067 concili

259 1089 364 1145 dioener

443 1225 630 1293 Decretum
650 1224 694 1292 de
714 1222 908 1292 inchoando
929 1221 1086 1292 concilio.

320 1346 470 1412 Placetne
498 1349 609 1420 vobis,
645 1347 684 1410 ed
710 1345 838 1411 laudern
870 1357 902 1408 et
923 1345 1061 1426 gloriam
1091 1349 1215 1409 sanctae
1241 1367 1257 1410 e

256 1431 445 1498 individuae
468 1432 651 1507 Trinitatis,
669 1434 781 1512 Patria,
804 1444 836 1495 et
857 1430 957 1508 Filii,
980 1443 1011 1494 et
1036 1431 1179 1517 Spiritus
1201 1437 1251 1496 sen

202 1534 208 1553 ¹
257 1519 320 1596 cti,
342 1520 379 1582 ad
400 1522 651 1595 incrementum,
673 1532 705 1583 et
727 1519 958 1582 exaltationem
978 1517 1056 1579 fidei
1082 1528 1115 1579 et
1137 1519 1251 1594 religio

256 1605 309 1666 nia
331 1603 542 1681 Christianae,
565 1605 603 1667 ad
619 1607 870 1690 extirpationem
894 1604 1068 1672 haeresum,
1090 1604 1127 1666 ad
1152 1625 1257 1688 pacem

257 1701 290 1751 et
313 1691 467 1753 unionem
489 1692 653 1768 ecclesiae,
674 1691 713 1753 ad
736 1686 1000 1753 reformationem
1023 1689 1123 1761 cleri,
1154 1700 1188 1751 et
1209 1711 1249 1774 po

255 1776 329 1858 puli
351 1773 540 1852 Christiani,
560 1776 598 1838 ad
621 1775 871 1862 depressionem,
894 1787 928 1836 at
949 1774 1184 1837 extinctionem
1207 1778 1248 1836 ho

210 1900 213 1905 -
254 1861 348 1923 Ilium
368 1859 538 1924 Christiani
559 1863 719 1939 norninie,
752 1861 939 1935 decernere,
974 1871 1008 1922 et
1028 1859 1188 1923 declarare
1218 1865 1248 1924 sa

254 1966 344 2008 erum
367 1944 596 2010 Tridentinurn
624 1959 656 2009 et
678 1948 826 2027 generale
848 1945 1021 2010 concilium
1043 1947 1207 2032 incipere,
1236 1967 1264 2010 e⁴

254 2029 420 2117 inceptum
439 2030 529 2096 elle?
550 2031 817 2119 Responderunt,
840 2031 955 2095 Placet.

505 2252 659 2320 Indictio
682 2250 827 2351 futurae
843 2249 1014 2341 seffionie.

315 2368 358 2434 Et
389 2395 461 2437 curn
519 2378 646 2439 roximn
667 2378 704 2438 sit
727 2375 895 2438 celebritas
923 2369 1104 2436 nativitatis
1133 2366 1262 2433 Dornin'

251 2455 351 2518 nollri
379 2456 451 2521 lesu
507 2462 616 2538 britii,
647 2473 679 2523 et
708 2463 935 2547 subsequantur
964 2460 1046 2521 aliae
1078 2452 1257 2521 festivitate

250 2540 388 2603 labentia
421 2554 453 2605 et
482 2543 670 2628 incipientia
700 2546 795 2622 anni,
826 2546 968 2630 placetne
997 2541 1092 2605 vobis
1129 2544 1264 2627 primm

250 2620 392 2689 futuram
414 2628 581 2692 sessionem
612 2630 788 2692 habendam
823 2628 886 2692 esse
913 2629 965 2692 die
986 2627 1081 2692 turis
1104 2629 1170 2713 poli
1193 2630 1260 2727 epi.

248 2711 419 2858 pphaniarn,
475 2735 531 2776 une
554 2715 616 2777 erit
643 2715 775 2801 septima
797 2716 911 2776 ruentia
931 2712 1002 2778 Jan.
1022 2735 1107 2777 anno
1130 2712 1251 2777 Domin

287 2838 296 2857 .
315 2794 357 2863 D.
379 2796 444 2860 XL
485 2796 535 2861 L?
555 2799 820 2886 Responderunt,
840 2800 958 2866 Placet.

249 2950 284 3006 du
320 2883 352 2951 Ρ)
370 2884 504 3007 Ppstrepro
528 2885 596 2939 idem
620 2886 838 2940 reverendissimae
863 2887 896 2939 de
915 2887 1005 2939 Monte
1031 2882 1164 2936 benedixit
1188 2883 1263 2950 syno-

248 2963 649 3082 ...l'id‘ni'lssil‘lliii
662 2959 1039 3097 §satiatissime
1057 2957 1243 3097 ittet,

249 3096 291 3148 titt
307 3104 329 3155 je
347 3098 450 3152 domino
468 3100 578 3154 Claudio
597 3101 630 3153 de
649 3103 673 3153 le
692 3102 771 3166 Casa,
790 3100 885 3154 clerico
903 3098 1066 3154 Virdnnenfia
1082 3098 1217 3165 dioecesin,
1237 3114 1264 3152 ε’

248 3168 349 3220 nouato
366 3169 481 3235 ejusdem
500 3173 616 3236 concilii,
642 3179 668 3225 ct
686 3173 719 3225 ab
737 3173 795 3225 aliia
812 3173 934 3239 noteriie,
961 3171 1097 3224 anamael
1115 3171 1190 3239 pture
1207 3172 1254 3224 der

247 3237 438 3296 instrumentum
457 3242 501 3296 sen
518 3245 691 3300 lustramenta.

268 3428 425 3503 Sequuntur
451 3431 557 3486 nomino
574 3432 856 3558 'praelatorum'pnqui
881 3432 1067 3506 interfuerunt
1094 3427 1236 3500 apertioni

697 3524 809 3558 cancro.

314 3596 579 3669 Praesidentea,
606 3604 724 3658 sacrae
751 3605 926 3657 Romanae
951 3600 1126 3655 ecclesiae
1145 3600 1248 3657 cardi

244 3669 358 3735 nelca,
378 3675 671 3741 etepostolicide
691 3674 1261 3742 laterelegettall.etltl.1)..toen·

242 3771 686 3791 w

278 3819 307 3887 o)
325 3819 407 3874 Corn.
427 3819 549 3884 Mullus,
570 3809 654 3889 ‘cujus
673 3826 827 3887 orationem
845 3821 900 3875 eid.
918 3824 947 3873 in
966 3819 1141 3873 Monument.
1159 3821 1195 3874 ad
1214 3822 1261 3877 hi-

277 3887 341 3945 iior.
365 3894 466 3947 concil.
491 3892 617 3947 Trident.
634 3894 709 3950 T.·s.
737 3911 764 3964 p.
789 3899 825 3955 12
843 3889 908 3963 ¹sqq.
933 3916 970 3936 ι·-
1022 3893 1052 3962 p)
1078 3894 1122 3946 Ex
1148 3895 1261 3950 collect.

14 3938 183 4250 k
279 3961 362 4016 nana.
384 3965 418 4020 r.
433 3965 513 4020 xnr.
532 3980 559 4031 u.
576 3968 640 4027 aaa.

200 4448 232 4478 h.
