2528 4522
438 282 567 357 Bullae
586 281 644 354 Pii
667 284 732 360 IV.
1017 297 1098 374 317

558 501 669 576 Π..

57 624 192 705 'Piae
211 635 471 727 episcopua,
488 634 922 727 seronaservorumDei,
942 637 993 704 od
1012 659 1099 730 per·-
1131 638 1150 703 ,‘
1181 673 1186 679 -

354 724 579 810 petnum'rei
599 722 813 789 memoriam.
1050 732 1054 741 '

140 842 181 909 In
202 844 404 909 Sacrosancta
433 830 528 910 Beati
554 845 645 910 Petri
676 843 838 931 Principis
867 839 1099 935 Apostqlorum
1203 924 1208 934 ¹

20 928 23 937 ’
76 928 254 1009 Cathcdra,
290 933 418 995 rneritis
442 934 522 997 licet
550 932 747 1019 imparibus,
784 931 875 995 bisce
910 929 1098 1015 procellosis

76 1017 251 1078 militantis
273 1015 428 1080 Ecclesiae
450 1019 686 1105 tempestatibus
706 1016 1100 1102 constitutos,·plurimum

75 1101 144 1165 Nos
168 1111 298 1187 oportet
326 1102 389 1168 elle
416 1103 583 1181 solicitos,
614 1115 651 1167 ut
672 1102 809 1166 Domini
837 1122 969 1185 gregem
1003 1119 1099 1164 curae

75 1187 199 1250 nollrae
219 1187 429 1269 commissum,
450 1213 518 1253 non
539 1190 643 1253 solum
663 1191 700 1251 ab
721 1186 842 1275 apertis
862 1187 1025 1273 rapacium
1043 1186 1100 1247 lu-
1165 1206 1169 1218 ·

74 1276 194 1359 porum
215 1274 435 1360 undecumque
455 1274 823 1359 caulis'obstrepentium
839 1273 1023 1348 insultibus,
1044 1267 1100 1335 sed

74 1358 173 1421 etiam
193 1379 212 1420 a
232 1360 335 1439 magis
366 1356 583 1424 formidolosis
611 1356 830 1446 pestiferorum
857 1359 1100 1444 vulpecularum

73 1443 166 1506 domi
186 1444 383 1509 latitantium
405 1446 549 1531 infidiis',
582 1466 641 1531 per
661 1443 836 1531 providum
857 1443 1022 1531 pastoralis
1043 1439 1101 1504 oi-

74 1529 144 1592 ficii
165 1529 396 1608 ministerium,
425 1532 498 1618 ipso
520 1530 666 1621 Domino
688 1542 881 1617 cooperante
911 1532 1100 1617 praeserve-

74 1635 170 1696 mus,
187 1636 221 1678 ac
243 1616 314 1679 illis
335 1638 453 1680 omnes
473 1617 611 1682 nocendi
636 1616 828 1695 occasiones,
851 1626 1005 1705 quantum
1026 1633 1100 1679 eum

76 1699 147 1764 Deo
171 1701 357 1786 possumus,
377 1704 514 1768 ubilibet
537 1698 730 1768 auferamus.
914 1757 918 1767 .
943 1702 946 1707 ’

138 1783 218 1850 Cum
251 1787 360 1874 itaque
386 1791 476 1873 juxta
505 1800 621 1853 notum
643 1786 837 1852 Sanctissimi
854 1782 953 1850 Vatis
985 1782 1101 1846 oracu'-

74 1871 161 1947 lum,
183 1869 216 1954 ⁶)
228 1875 327 1936 timor
351 1872 506 1952 Domini,
524 1875 590 1937 fine
615 1895 678 1960 quo
701 1895 778 1938 vera
798 1871 950 1952 Religio,
978 1880 1011 1931 et
1035 1867 1100 1931 Ga-

72 1956 214 2021 thelicae
234 1957 330 2033 Fidei
359 1963 483 2046 puritas
506 1960 625 2023 nullibi
653 1958 832 2045 isperitur,
864 1955 1040 2041 sapientiae
1060 1955 1100 2017 tit

72 2041 223 2121 initium,
248 2056 280 2107 et
301 2044 359 2130 qui
379 2049 435 2111 vel
454 2048 491 2111 in
508 2045 652 2109 scientiis
667 2046 844 2130 proficere,
862 2044 920 2105 vel
940 2061 993 2102 eas
1014 2027 1099 2101 adies

72 2126 189 2192 docere
221 2141 352 2214 parant,
382 2136 567 2217 supremum
587 2131 685 2209 illum
716 2126 892 2215 sapientiae
922 2134 1099 2211 parentam,

72 2214 312 2300 benignumque
341 2214 530 2296 largitorem
560 2214 680 2276 devoto
712 2217 805 2276 sanae
834 2210 914 2273 fidei
945 2210 1097 2294 obsequio

78 2297 250 2374 demereri,
265 2312 412 2385 'veraque
432 2302 570 2364 fincerae
592 2295 778 2378 Religionis
800 2295 921 2384 pietate
941 2294 998 2359 fini
1018 2314 1100 2358 con-

74 2385 188 2446 ciliare
213 2383 360 2448 debeant.
855 2440 857 2446 ,

136 2467 259 2533 Idcirco
282 2469 366 2547 hanc
387 2465 484 2532 Fidei
504 2468 696 2554 puritatem,
728 2465 890 2543 scientiis,
921 2462 1100 2529 doctrinis-

52 2545 134 2640 'que
156 2554 368 2641 quibuslibet,
387 2565 458 2618 tum
482 2555 666 2632 tradendis,
687 2566 757 2618 tum
779 2550 987 2630 addiscendis,
1009 2563 1096 2614 tam-

72 2661 166 2726 quam
194 2639 401 2704 necessariam
432 2640 528 2704 busun
557 2641 761 2716 constituere,
780 2642 834 2703 ''et
867 2656 909 2702 ne
938 2636 1098 2724 simplicia

71 2726 306 2789 nonnullorum
329 2725 597 2804 adolescentium,
632 2747 684 2790 res
704 2745 808 2789 novas
831 2723 984 2786 audiendi
1002 2723 1098 2809 copi-

72 2809 189 2875 dorum
221 2812 353 2892 ingenia
385 2811 423 2875 in
455 2810 630 2892 naufragos
663 2810 899 2893 blandientium
928 2810 1097 2873 haeresum

72 2897 239 2981 scrupulos
258 2894 480 2983 imprudenter
499 2899 703 2985 impingant,
724 2915 888 2959 occurrere
908 2895 1096 2979 cupientes3

72 2978 165 3044 Motu
187 2985 345 3069 proprio,
367 2994 400 3045 et
421 3003 464 3046 ex
486 2997 571 3047 certa
592 2982 723 3047 scientia
746 2980 857 3056 nostra,
878 2980 913 3040 ic
936 2979 975 3042 de
995 2975 1096 3062 Apo·
1191 3032 1196 3049 ,

74 3066 200 3129 dolicae
236 3067 400 3152 potestatis
454 3069 651 3147 lenitudine,
686 3066 771 3153 quod
802 3064 954 3149 deinceps
985 3064 1097 3127 nullus

74 3128 223 3225 Ductori
237 3153 393 3234 lllagiiler,
413 3090 560 3235 liegens,
581 3155 636 3216 vel
657 3154 740 3216 alius
761 3152 984 3237 cujuscumque
1006 3149 1095 3228 artis,

75 3247 109 3300 et
129 3232 292 3301 facultatis
313 3235 473 3324 professor
494 3241 560 3304 five
581 3241 734 3314 clericus,
760 3239 825 3300 five
848 3236 948 3298 laicus
969 3255 1004 3296 ae
1024 3233 1096 3298 sae·

74 3323 210 3401 cularis,
232 3326 297 3387 tvel
326 3324 465 3409 cujusvis
488 3322 621 3389 Ordinis
641 3324 796 3406 regularis
817 3323 871 3399 fit,
900 3322 938 3384 in
960 3319 1096 3407 quibus-

74 3409 128 3470 vis
152 3408 340 3474 Studiorum
360 3412 557 3492 generalium
573 3411 851 3485 Universitatibus,
872 3417 927 3469 eut
945 3403 1095 3487 Gymna-
1169 3420 1188 3445 ⁶

74 3494 128 3556 liis
150 3497 305 3580 publicis,
329 3488 385 3560 aut
409 3496 488 3560 alibi
510 3497 706 3560 ordinariam
728 3496 783 3558 vel
804 3492 1094 3557 extraordinariam

74 3581 206 3643 lectoris
227 3580 419 3645 cathedram
439 3582 558 3672 assequi
566 3627 578 3658 ,
599 3584 652 3646 vel
675 3583 738 3665 jam
760 3582 923 3644 obtentam
945 3577 1096 3653 retinere,

38 3695 41 3700 ·
74 3671 127 3730 seu
149 3667 228 3728 alias
252 3667 489 3748 Theologiam‚
525 3669 709 3732 canonicam
740 3667 794 3729 vel
824 3665 955 3728 civilem
981 3667 1120 3741 censu-s
1240 3661 1250 3677 '

73 3773 161 3857 rain,
192 3751 404 3844 illedipinam,
442 3753 706 3843 Philpsopbiam,
740 3749 1003 3827 Grammaticam,
1036 3749 1092 3812 vel
1134 3800 1137 3804 a
1201 3781 1206 3797 ·

72 3908 524 3926 m

108 3994 135 4062 o)
151 3993 193 4050 Ps.
211 4002 272 4065 110,
290 4013 327 4053 to.
344 3995 431 4050 siocli·
449 4004 475 4065 l,
496 3996 631 4055 ts-Prot.
649 4001 716 4065 1,,7·
734 3999 761 4061 9,
780 4012 821 4051 to·
900 4077 904 4093 Ι
