2528 4522
82 279 98 304 ’
227 251 558 407 'constitutiones
574 256 624 371 ei
648 300 797 397 antiquo
820 298 914 398 jure.
1026 313 1103 389 307

90 483 341 575 quibuscumque
369 481 589 567 injungimus,
616 481 709 573 ,quod
750 493 783 548 et
814 481 875 570 ipli
913 486 1017 549 caulas
1050 488 1105 551 leo

90 573 242 652 negotia,
279 591 360 660 quae
388 568 551 655 praefatae
571 571 730 634 moniales
754 569 916 633 habebunt
933 576 1106 652 egere'ooe·
1146 592 1147 595 ’

90 679 160 721 ram
185 657 284 742 ipfis,
313 665 369 718 aut
396 657 433 718 in
459 656 558 719 curiis
585 655 792 732 eorumdem,
824 655 972 720 five-lint
993 657 1105 722 homa-

88 744 163 824 gia,
183 741 352 805 fidelitatis
373 744 582 820 sacramenta,
620 741 717 820 lites,
750 741 805 804 vel
827 740 983 828 quidquid
1005 742 1105 823 eliud,

87 830 158 916 ipsa
180 847 240 912 par
260 837 482 912 procuratores
502 846 611 891 earum
636 828 710 891 fieri
729 819 849 889 faciant
869 838 903 890 et
923 829 1062 891 tractari.

112 954 115 961 ι
154 911 196 976 Et
214 913 366 999 quoniam
384 918 502 997 'parum
528 911 606 977 effet
630 911 768 976 condere
796 911 882 994 jura,
911 912 972 975 nili
993 911 1119 993 effent,
1164 938 1166 941 ’

88 998 146 1086 qui
178 1018 216 1060 ee
249 997 448 1062 exsecutioni
469 996 596 1063 debitae
616 996 865 1077 demandarent3
901 998 1107 1083 patriarchis,

88 1083 298 1170 primatibus,
332 1082 581 1170 archiepiscopis
615 1093 648 1146 et
680 1083 841 1169 episeopis
866 1082 1022 1148 univerfie
1051 1077 1129 1147 di-'
1175 1082 1182 1098 ”

89 1169 191 1231 stricte
211 1168 249 1231 in
267 1168 389 1232 virtute
416 1169 540 1232 sanctae
563 1157 781 1245 obedientiae,
819 1168 876 1232 sub
900 1169 1107 1234 obtestatione

48 1243 199 1318 ‚ldivini
226 1252 355 1336 judicii,
388 1263 422 1316 et
444 1253 711 1318 interminatione
742 1252 979 1316 meledictionis
1001 1264 1108 1317 aeter·

90 1360 172 1418 nee,
190 1337 417 1425 praecipiendo
440 1338 638 1412 mandamus,
660 1349 815 1426 quotenne
837 1359 950 1403 eorum
970 1340 1108 1427 quilibet
1239 1357 1245 1369 “

89 1425 127 1489 in
148 1425 281 1489 civitate
302 1447 337 1487 ac
357 1424 495 1488 dioeceli
511 1425 659 1511 propria,
685 1423 721 1487 in
748 1423 947 1489 monasteriis
976 1426 1109 1507 inuniu-

89 1511 174 1574 lium
193 1510 253 1573 fibi
280 1508 446 1572 ordinario
477 1509 546 1593 jure
573 1509 738 1593 subjectis,
769 1513 844 1587 lua,
876 1511 914 1572 in
946 1510 990 1574 iis
1017 1531 1108 1588 vero,

91 1617 173 1682 quoe
192 1593 233 1658 ed
253 1593 434 1658 Romanam
454 1592 641 1659 immediate
660 1595 804 1682 lpectent
824 1594 1002 1674 ecclefiam,
1022 1595 1108 1661 sedis

89 1680 499 1768 apostolicaeauerorinte,
522 1683 648 1745 abbates
663 1701 748 1746 'vero
761 1690 794 1742 et
814 1678 887 1759 alii,
906 1691 972 1746 tam
994 1701 1111 1746 exem-
1195 1757 1202 1775 x

89 1767 142 1853 pti
165 1787 261 1854 quam
282 1789 351 1830 non
371 1765 518 1852 exempti
541 1766 677 1852 praelati
704 1766 920 1846 ecclesiarum,
951 1767 1111 1830 monella·

19 1905 23 1923 ,
89 1853 214 1927 riorum
241 1863 281 1916 *et
316 1849 467 1916 ordinum
493 1871 789 1939 quorumcumque,
830 1851 868 1914 in
910 1851 1110 1917 monasteriis

90 1938 372 2022 hujusmodi,.fibi
393 1939 562 2021 subjectis,
583 1937 624 2002 de
646 1940 790 2002 clausura
809 1938 1031 2014 convenienti,
1054 1935 1111 2001 ubi
1226 1971 1231 1981 ·

90 2023 242 2102 nonest,
271 2024 416 2108 ipsorum
438 2023 701 2088 monasteriorum
730 2021 880 2108 expendis
908 2032 942 2085 et
964 2023 1111 2086 fidelium

80 2108 328 2190 eleemosynis,
361 2129 439 2194 quas
469 2106 509 2169 ad
542 2108 603 2171 hoc
624 2118 817 2194 procurent,
847 2106 1037 2188 diligentius
1058 2104 1112 2169 fa·
1191 2146 1197 2157 ·

93 2193 217 2279 cienda,
238 2204 272 2255 et
291 2192 332 2254 de
351 2193 428 2277 iplis
449 2192 646 2254 monialibus
668 2189 889 2266 includendis,
923 2198 1017 2277 quam
1038 2191 1113 2278 pri·

92 2297 183 2340 mum
204 2275 372 2340 commode
395 2285 566 2360 poterunt,
586 2273 761 2360 providere
781 2287 976 2360 procurent,
1012 2275 1036 2338 [i
1057 2275 1112 2338 di-

92 2363 191 2426 vinae
220 2382 256 2424 ac
286 2359 407 2424 nostrae
439 2360 674 2439 indignationis
704 2359 871 2423 voluerint
900 2359 1112 2427 acrimoniam

44 2493 46 2504 s
93 2449 233 2510 evitaret
255 2445 506 2509 contradictores
527 2456 622 2532 etque
644 2445 779 2510 rebelles
796 2465 855 2531 per
876 2449 1039 2510 censuram
1060 2468 1113 2511 eo·

91 2533 308 2608 olefiasticam,
328 2532 552 2618 appellatione
569 2531 756 2618 postpdfita,
777 2531 1034 2615 compescendo,
1054 2534 1112 2596 in-

92 2628 209 2684 vocato
230 2617 271 2681 ad
295 2617 358 2680 hoc
381 2618 419 2695 (li
441 2637 523 2702 opus
544 2609 659 2699 fuerit)
692 2616 818 2680 auxilio
849 2617 975 2680 brachii
1002 2621 1114 2682 luecu-

91 2706 181 2769 leris.
200 2702 282 2789 ,Per
303 2702 366 2765 hoc
384 2713 491 2766 autem
516 2701 554 2766 in
577 2701 774 2766 monasteriis
795 2703 957 2788 exemptis
979 2703 1114 2767 ordina·

93 2792 138 2854 rii
158 2791 315 2861 locorum,
336 2787 527 2874 quoad‘alia
540 2789 664 2877 nullam
682 2787 741 2850 libi
762 2786 893 2850 credant
911 2786 1113 2872 jurisdictio-

93 2896 170 2940 nem
188 2877 244 2941 vel
264 2875 450 2962 potestatem
470 2872 673 2961 aliquatenus
694 2873 891 2938 attributam.

30 3068 39 3136 ζ
94 3127 153 3199 Es
174 3127 377 3195 Innocentio
396 3125 470 3196 III.
491 3020 701 3193 inldoyriflcidio
721 3070 953 3209 Lateronenfi
973 3141 1051 3209 cop.
1062 3133 1114 3199 12.

96 3225 133 3282 et
152 3211 318 3282 Liblll.
340 3207 520 3288 Deorelal.
541 3211 688 3300 Gregor.
711 3207 770 3276 tit.
784 3216 832 3284 35
856 3204 1015 3295 deflata
1034 3229 1112 3275 mo-

509 3296 717 3375 nachornm,
822 3357 825 3363 .

394 3402 476 3469 Gar.
497 3401 577 3468 Vll.
600 3405 690 3482 (ann.
715 3399 828 3480 1216.)

162 3503 203 3572 In
216 3508 244 3588 ²)
267 3505 400 3588 lingulis
423 3505 530 3588 regnis
553 3505 619 3569 lire
637 3501 817 3590 provinciis
831 3499 890 3563 flet
910 3496 950 3563 de
971 3499 1113 3583 triennio

95 3592 133 3658 in
161 3594 360 3669 triennium,
392 3592 483 3657 salvo
518 3593 586 3675 jure
620 3589 882 3653 dioecesanorum
911 3589 1113 3672 pontificum,

95 3700 265 3743 commune
285 3678 461 3766 capitulum
493 3679 640 3741 abbatum
669 3685 764 3762 atque
790 3670 956 3758 priorum,
986 3674 1115 3735 abbates
1182 3728 1184 3736 .

94 3766 249 3853 proprios
270 3786 339 3829 non
359 3764 567 3837 habentium,
600 3760 657 3849 qui
684 3782 753 3824 nun
783 3760 1019 3822 consueverunt
1047 3757 1137 3820 tale,
1201 3798 1223 3833 4

95 3852 273 3938 capitulum
286 3850 464 3914 celebrare:
488 3847 528 3912 ad
540 3850 625 3937 quod
638 3844 778 3910 univerfi
788 3837 995 3921 conveniant,
1015 3841 1113 3930 pras*-

103 3959 547 3975 Μ

129 4009 161 4077 a)
176 4007 219 4063 Ad
235 4005 295 4062 [aff.
312 4002 408 4060 XXV.
426 4001 460 4056 de
478 4000 568 4072 regul.
584 4010 613 4056 at
629 3960 742 4079 mouipl.
760 4011 785 4065 o.
799 3999 854 4148 g*
917 4050 924 4057 ,
