2528 4522
429 289 556 362 Bullae
581 291 637 362 Pii
662 288 728 365 IV.
857 349 871 384 ,
938 308 955 354 ·¹
1008 310 1084 385 321

137 475 228 541 Nulli
249 496 327 556 ergo
351 472 486 538 omnino
508 473 686 538 bominum*
707 474 818 541 licent·
832 479 915 544 banc
936 481 1085 568 paginam

73 563 199 629 Nostrae
228 559 468 636 ordinationis,
496 560 726 639 inhibitionis,
756 564 994 647 derogationis,
1023 589 1086 633 vo-

68 651 223 722 luntatis,
261 648 383 721 statuti,
422 646 543 710 decreti
574 658 606 710 et
638 648 780 711 rnandati
804 647 1000 735 infringere,
1030 658 1085 719 vel

72 739 104 799 ei
125 740 200 799 ausu
222 735 391 795 temerario
415 733 585 794 contraire.
641 733 677 794 Si
711 736 783 820 quie
812 749 918 800 autern
951 739 1013 816 hoc
1034 751 1085 803 ttt-

71 833 193 884 tentere
207 817 461 906 praesumpserit,
482 818 743 897 indignationem
765 817 1005 909 Omnipotentie
1021 823 1084 889 Dei

70 929 105 969 ec
130 905 197 972 ΒΒ.
218 906 306 968 Petri
338 917 370 969 et
397 901 489 966 Pauli
511 901 622 990 Apost.
651 905 718 988 ejus
749 908 782 970 se
812 911 943 973 noverit
972 909 1086 974 incur·

68 997 188 1056 lurum.
926 1018 931 1024 ⁸

131 1077 249 1138 Datum
271 1072 393 1137 Rornae
422 1071 505 1158 apud
523 1072 557 1138 S.
581 1072 731 1150 Petrum,
761 1068 862 1139 Anno
882 1073 1084 1143 incarnatio·

67 1161 120 1225 nis
149 1161 356 1237 Dominicae,
398 1159 569 1222 millesimo
603 1160 855 1244 quingentesimo
890 1162 1083 1247 sexagesimo

69 1259 200 1334 quarto,
220 1246 332 1311 Idibus
355 1244 503 1322 Novem,
522 1243 732 1307 Pontificatua
755 1245 852 1309 nostri
872 1243 971 1315 Anne
993 1249 1041 1319 V.

449 1405 730 1421 m

114 1495 229 1564 *Anno
258 1520 275 1562 a
301 1498 472 1564 nativitate
494 1500 590 1567 Dom.
612 1507 704 1575 1564.
733 1501 846 1567 indict.
867 1510 899 1576 7.
927 1503 981 1568 die
1002 1519 1101 1568 vero·

68 1592 98 1659 4.
121 1587 236 1650 mentia
257 1585 461 1663 Decembris,
481 1586 576 1650 Porlt.
608 1588 793 1651 lanctisfirni
815 1591 851 1653 in
873 1588 995 1653 Christo
1019 1586 1083 1653 I'a-

67 1674 129 1735 tris
160 1684 191 1736 et
214 1671 255 1734 D.
281 1671 319 1734 N.
346 1671 387 1734 D.
418 1671 472 1734 Pii
505 1672 617 1736 divine
646 1674 854 1760 providentia
885 1675 928 1737 l'a
954 1696 991 1739 ae
1017 1672 1083 1743 lv.

68 1780 152 1821 anno
184 1764 216 1827 5.
244 1758 469 1842 retroscriptae
497 1757 626 1822 litterae
662 1759 850 1844 apostolicae
884 1780 902 1822 a
962 1782 1018 1837 ae,
1050 1770 1084 1824 et

68 1846 245 1928 publicatae
274 1839 404 1906 fuerbnt
432 1842 471 1905 ad
501 1846 614 1909 valvae
635 1840 785 1933 Basilicae
803 1845 966 1932 Principis
986 1842 1084 1931 Apo·

68 1932 218 1992 stolorum
245 1925 285 1990 de
304 1926 409 2005 Urbe,
442 1927 480 1989 ad
508 1933 620 1992 valvas
642 1926 856 1994 cancellariae
883 1953 899 1992 a
927 1932 1083 2008 ollolicae,

67 2026 100 2078 et
128 2016 164 2077 in
193 2019 260 2076 acie
281 2011 394 2098 Campi
414 2008 555 2092 Florae,
585 2015 719 2079 dimittis
751 2016 787 2079 in
817 1953 971 2102 praeditis
1000 2016 1083 2079 lorie

67 2100 295 2187 praesentium·
313 2100 590 2182 retroscriptarum
620 2100 801 2165 litterarum
832 2102 936 2186 copiis
964 2098 1083 2176 affixio,

51 2194 104 2247 ”ut
126 2185 166 2247 est
186 2187 287 2247 moris
319 2204 377 2267 per
400 2203 460 2244 nos
481 2183 603 2246 Julium
624 2183 776 2245 Parinum
797 2195 829 2246 et
848 2185 1083 2248 Bernardinum

69 2268 298 2346 Andreutium,
320 2265 490 2352 praelibati
512 2267 545 2333 S.
567 2270 611 2332 D.
633 2266 675 2328 N.
696 2267 800 2352 Papae
814 2265 977 2332 cursores.

564 2370 655 2440 Ant.
677 2371 805 2441 Clerici
826 2374 930 2465 Mag.
953 2371 1055 2466 Curs.
1147 2396 1150 2403 “

404 2532 741 2563 ...ψ-

90 2688 265 2762 VARIAE
292 2691 412 2760 FIDEI
436 2692 718 2763 GATHOLIGAE
736 2688 1063 2760 rRorEsstottttS.

556 2858 586 2935 1.

70 2987 239 3058 Formula
260 2985 467 3073 christianae
487 2998 522 3054 et
542 2986 734 3054 catholicae
744 2981 859 3072 fidei,
881 2981 1019 3048 tradita
1042 2982 1081 3047 in

65 3075 179 3171 sacro
196 3072 330 3171 &nodo
350 3072 562 3158 provincia-li
584 3073 737 3138 Loviti
745 3073 777 3147 i,
798 3065 970 3135 celebrata
990 3087 1083 3130 anno

71 3160 218 3225 Dommz
242 3154 504 3224 MDLV1.dte
527 3157 596 3224 XI.
630 3153 859 3245 Septembris,
882 3149 1083 3239 praefiden-

72 3242 165 3308 tibur
186 3241 223 3304 in
246 3263 287 3305 ea
308 3239 579 3331 reverendiffimo
599 3243 737 3307 domino
760 3239 799 3308 A
806 3239 821 3301 l
829 3258 880 3319 ογ
886 3234 912 3321 s
913 3234 927 3299 ι’
934 3257 953 3298 ο
974 3235 1033 3299 Li
1038 3257 1083 3322 p·
1203 3296 1206 3301 .

71 3348 280 3416 pomario,
311 3347 329 3388 e
354 3322 466 3412 iscopo
493 3325 697 3415 Veronenfi,
731 3322 865 3417 nuncio·
894 3317 1084 3416 apostolico,

73 3423 107 3476 et
127 3346 395 3498 reverendffimo
416 3410 553 3474 domino
567 3406 607 3476 N
614 3401 1083 3490 icolaothergou’kt,

74 3493 229 3579 archiepi
250 3517 328 3581 copo
350 3491 552 3582 Gmfnenfi,
575 3495 692 3582 legato
713 3502 814 3569 nato,
842 3500 877 3552 et
898 3488 1005 3553 totius
1026 3509 1083 3552 re-

70 3580 139 3665 gni
161 3579 213 3642 Po
228 3579 328 3642 oniae
342 3578 517 3664 primate,
546 3602 633 3664 quae
657 3574 814 3642 omnibus
834 3570 980 3662 eoelestia
996 3592 1084 3660 pro·
1131 3640 1136 3648 Χ

73 3664 210 3732 vinciae
230 3661 382 3750 ejusdem
405 3662 656 3814 inviolabippter
675 3657 851 3751 servanda
878 3667 913 3724 et
934 3653 1083 3723 tenenda

478 3770 558 3814 man
609 3759 680 3814 tur.

133 3869 162 3935 Ι.
183 3869 348 3958 Principio
373 3868 561 3948 Symbolum
583 3867 830 3956 Apostolorum,
850 3865 1026 3932 Nicaenum
1047 3869 1081 3924 et

30 3953 32 3958 ’
75 3955 476 4044 constantinopolitanum,
505 3956 695 4054 Symbolum
722 3956 820 4018 etiam
842 3953 914 4016 diri
931 3947 1082 4012 Athana·
1198 4008 1211 4059 .'

157 4058 203 4125 11.
807 4053 845 4118 X
