2528 4522
320 300 324 306 ·
369 261 474 337 Bulla
501 257 623 328 facult.
651 256 817 326 transfer.
844 254 967 330 concil.
1115 272 1190 347 43,

147 444 242 532 sedis
263 442 394 532 legatie
415 441 458 508 de
478 440 598 523 latere,
615 437 791 531 salutem,
810 451 845 508 et
865 440 1083 531 apostolicam
1106 442 1168 511 be-

149 529 392 594 uedictionem.

215 614 385 695 Regiruini
413 613 607 678 universalis
636 614 799 691 ecclesiae,
831 613 957 678 meritis
991 615 1069 678 licet
1101 617 1168 679 iru-

149 703 301 787 pnribus,
325 702 519 788 disponente
535 698 698 776 Domino,
730 700 963 785 praesidentes,
992 702 1090 764 noliri
1112 699 1168 764 os·

140 789 221 849 'sicii
257 798 364 872 partes
397 787 458 849 else
494 797 658 871 putamus,
691 796 726 847 ut
761 787 785 847 fi
813 787 890 872 quid
921 789 1050 870 gravius
1080 787 1167 850 caula

149 874 350 957 reipublicae
370 870 561 934 Christianae
583 871 832 934 constituendum
852 873 906 951 fit,
928 872 962 934 id
984 895 1050 936 non
1069 874 1167 936 modo

151 972 299 1042 ternpore
323 969 524 1043 opportuno,
558 978 671 1019 verum
693 958 791 1019 etiarn
811 959 883 1020 loco
908 959 1096 1036 commodo,
1135 970 1169 1021 et

150 1044 274 1106 idoneo
307 1045 501 1128 perficiatur.
565 1040 644 1104 Cum
681 1043 789 1128 itaque
824 1066 884 1107 nos
919 1067 1042 1128 nuper,
1081 1044 1171 1130 poll-

151 1150 249 1216 quam
279 1129 517 1214 suspensionem
537 1128 762 1192 celebrationis
790 1129 870 1190 sacri
890 1131 1103 1206 oecumenici,
1136 1140 1170 1192 et

151 1215 347 1278 universalis
367 1216 516 1290 concilii,
549 1215 627 1276 alias
658 1235 714 1298 per
736 1233 798 1276 nos
820 1215 1006 1278 incivitate
1027 1214 1169 1277 Triden-

150 1302 223 1362 tina
248 1320 291 1362 ex
312 1300 409 1364 usulis
430 1313 504 1363 tunc
527 1300 693 1383 expressis,
716 1297 754 1361 de
777 1303 1012 1364 venerabilium
1034 1297 1169 1364 fratrum

150 1385 332 1449 nostrorum
367 1386 401 1451 S.
431 1383 473 1451 R.
505 1380 543 1447 Ε.
575 1384 783 1446 cardinalium
817 1387 947 1450 consilio
984 1398 1016 1451 ei
1049 1385 1171 1449 assensn
1206 1398 1211 1409 '

114 1529 118 1541 ,
151 1471 289 1544 indicti,
311 1493 354 1533 ex
376 1472 473 1533 certis
495 1468 570 1530 eliis
590 1472 688 1532 etiam
710 1480 784 1532 tnnc
805 1474 961 1556 expressis
984 1474 1092 1549 causis,
1113 1492 1172 1532 us-

152 1577 216 1644 que
237 1555 275 1617 ad
297 1556 384 1618 aliud
408 1554 640 1641 opportunius,
673 1565 705 1618 et
734 1557 934 1621 commodius
964 1570 1172 1644 tempusper

151 1665 215 1704 rros
238 1641 478 1718 declarandum,
500 1640 540 1703 de
562 1641 660 1702 firnili
681 1643 829 1719 consilio,
852 1655 884 1706 et
904 1644 1025 1708 assensu
1047 1643 1172 1722 factam,

152 1729 262 1790 andita
284 1749 361 1813 pace
391 1728 477 1790 inter
503 1726 680 1790 carissimos
707 1728 743 1790 in
767 1726 889 1790 Christo
923 1732 1013 1793 filios
1039 1728 1173 1802 nostros,

154 1811 307 1878 Gerulum
320 1812 416 1876 Rom.
428 1814 671 1898 imperatorem,
693 1817 817 1898 semper
833 1817 1002 1894 augustum,
1024 1827 1056 1877 et
1069 1813 1174 1876 Fran-

153 1900 272 1983 cispum
294 1896 491 1963 Francorum
523 1920 631 1978 regem
653 1897 965 1977 christianissimum,
993 1901 1174 1976 conciliatu,

153 1985 227 2071 pari
249 1984 400 2061 consilio,
434 1997 466 2048 et
487 1982 609 2050 assensu
637 1985 856 2047 sustuleramus
879 1998 912 2048 et
932 2007 1174 2061 aruoverarnns3

154 2082 355 2156 nequeuntes
385 2072 461 2154 ipsi,
499 2081 574 2132 tunc
600 2072 746 2150 legitime
779 2072 951 2156 impediti,
986 2073 1024 2135 ad
1056 2073 1173 2133 dictam

156 2158 322 2218 civitatem
344 2156 557 2240 personaliter
578 2156 739 2230 accedere,
773 2168 804 2216 et
833 2157 937 2218 eidem
960 2157 1097 2219 concilio
1120 2156 1177 2217 in-

156 2238 289 2318 teresse,
323 2261 384 2303 vos
416 2241 562 2311 nostros,
590 2252 621 2301 et
655 2240 843 2323 apostolicae
873 2243 958 2303 sedis
985 2244 1108 2321 legatos
1136 2239 1176 2301 de

156 2329 258 2389 latere
281 2327 316 2388 in
340 2325 455 2388 eodem
476 2324 615 2386 concilio
642 2324 681 2384 de
703 2325 800 2385 simili
823 2327 955 2386 consilio
978 2325 1177 2387 constitueri-

157 2433 230 2483 mus
251 2422 284 2475 et
305 2411 584 2495 deputaverimus,
617 2429 741 2491 vosque
770 2408 807 2469 ad
837 2411 978 2473 eamdem
1000 2412 1176 2487 civitatem,

106 2530 111 2549 ·
157 2510 320 2583 tamquam
340 2499 428 2579 pacis
457 2495 604 2574 angelos,
640 2494 916 2570 destinaverimus,
947 2508 1043 2579 prout
1064 2498 1098 2558 in
1119 2495 1174 2556 di-

158 2585 256 2647 verlis
282 2582 396 2645 nostris
419 2581 552 2664 desuper
581 2574 737 2646 consectis
767 2580 886 2647 litteris
915 2583 1043 2666 plenius
1065 2582 1174 2644 conti-

159 2681 271 2739 netur:
304 2665 371 2730 Nos
402 2688 443 2729 ne
464 2678 529 2739 tam
551 2668 692 2727 sanctum
713 2666 934 2729 celebrationis
956 2669 1087 2730 concilii
1109 2669 1175 2727 liu-

159 2752 302 2839 jdsmodi
323 2773 403 2838 opus
419 2774 462 2814 ex
485 2749 749 2814 incommoditate
771 2753 854 2827 loci,
886 2764 939 2814 aut
961 2755 1038 2816 alias
1061 2755 1176 2838 quovis

162 2840 260 2910 modo
283 2837 496 2923 impediatur,
527 2848 580 2897 aut
603 2838 677 2921 plus
701 2836 808 2899 debito
832 2837 1018 2916 differatur,
1051 2860 1176 2924 oppor-

161 2921 237 2989 tu'ne
272 2922 444 3013 providere
473 2923 637 2999 volentes,
666 2934 756 2983 motu
787 2925 937 3007 proprio,
971 2935 1066 2986 etex
1091 2934 1176 2985 certa

132 3012 312 3084 ·scientia,
335 3032 369 3071 ac
391 3010 430 3072 de
452 3009 640 3093 apostolicae
662 3007 822 3093 potestatis
840 3010 1066 3092 plenitudine,
1086 3009 1177 3093 pari-

163 3119 221 3187 que
242 3095 375 3158 consilio
404 3106 436 3157 et
464 3093 585 3156 assensu
614 3094 708 3155 vobis
738 3094 883 3168 insimul,
914 3088 968 3155 iot
990 3095 1112 3156 duobus
1133 3116 1176 3157 ex
1213 3138 1216 3142 -

164 3183 278 3259 vobis,
301 3182 426 3267 reliquo
441 3181 589 3261 legitimo
606 3178 837 3265 impedimento
859 3180 1001 3256 detento,
1023 3184 1076 3251 seu
1100 3180 1176 3243 inde

164 3264 249 3331 forte
270 3268 414 3343 absente,
452 3265 712 3352 quandocumque
735 3266 828 3326 vobis
854 3264 1035 3346 videbitur,
1066 3267 1177 3330 couci-

164 3348 245 3427 lium
264 3351 460 3439 praedictum
476 3353 514 3413 de
533 3351 644 3416 eadem
662 3350 794 3415 civitate
807 3349 998 3413 Tridentina
1011 3352 1048 3414 ad
1064 3373 1177 3439 quarn-

166 3461 300 3526 cumque
328 3439 425 3501 aliam
454 3435 726 3512 commodiorem,
753 3448 789 3499 et
812 3439 1098 3521 opportuniorem,
1122 3442 1177 3501 seu

167 3527 321 3594 tutiorem
334 3526 508 3601 civitatem,
529 3523 569 3585 de
586 3544 645 3608 qua
662 3522 755 3585 vobis
768 3525 865 3585 etiarn
879 3523 1049 3599 videbitur,
1071 3536 1183 3597 transf

167 3608 311 3687 ferendi,
340 3625 370 3672 et
392 3609 554 3684 ruutandi,
580 3631 615 3668 ac
637 3608 716 3669 illud
741 3609 774 3669 in
798 3612 865 3695 ipsa
888 3610 1016 3672 civitate
1039 3609 1180 3671 Triden·
1240 3611 1243 3615 ’

170 3700 238 3760 tina
260 3696 501 3781 supprimendi,
523 3706 554 3756 et
577 3692 788 3755 dissolvendi:
808 3717 931 3757 necnon
956 3696 1122 3782 praelatiS,
1148 3705 1181 3754 et

170 3777 243 3846 eliis
275 3783 422 3867 personis
454 3780 586 3843 concilii
617 3780 816 3860 hujusmodi,
849 3802 890 3842 ne
915 3782 949 3842 in
975 3804 1012 3844 eo
1035 3778 1072 3839 ad
1096 3780 1182 3840 ulte-

158 3871 256 3936 ¹riora
278 3873 313 3929 in
335 3868 419 3933 dicta
437 3867 568 3932 civitate
589 3863 780 3926 Tridentina
800 3866 988 3952 procedant,
1009 3865 1105 3950 etiarn
1128 3865 1181 3927 snb

173 3955 335 4031 censuris,
366 3963 399 4016 et
432 3953 547 4038 poenis
578 3951 786 4015 ecclesiasticis
806 3953 993 4027 inhibendi,
1028 3970 1062 4010 ac
1096 3951 1183 4020 idenr
