2528 4522
250 285 415 356 Oenones
437 306 483 355 ex
509 282 609 356 Actis
635 281 770 359 concil.
792 286 894 360 Trid.
993 302 1069 376 333

64 471 118 532 foa
139 470 212 531 lunt
231 479 430 554 quaerentes,
452 467 604 548 indignos
622 470 856 555 promovendo,
877 473 968 558 plura
984 474 1068 540 mala

65 575 144 639 quas
164 576 248 616 nunc
278 557 447 631 sentimus,
480 557 514 617 in
536 553 670 618 Ecclelia
701 555 957 621 introduxerunt.
1012 560 1071 622 td-

63 642 147 701 circo
182 639 285 702 [ancta
318 639 468 719 Synodus
497 641 619 719 statuit,
650 662 691 705 ne
712 640 863 728 Episcopi
894 646 997 706 aliana
1032 647 1069 710 in

62 726 117 786 his
141 723 419 804 Suffraganeorum
447 735 501 787 ant
529 727 666 789 aliorum
696 728 1070 815 quorumcumque'Epi·

61 813 229 894 lcoporum
252 832 350 894 opera
371 823 514 885 utantur3
540 813 594 875 led
615 818 718 877 locros
741 808 878 877 Ordines
915 835 973 902 per
1005 816 1070 878 lei-

61 900 139 980 plos
164 889 351 974 conferant,
373 896 433 958 nili
454 908 508 959 aut
528 898 620 978 gravi
642 900 755 961 morbo
778 911 832 962 aut
852 900 915 962 alia
936 903 1070 964 nacelli-

61 993 127 1042 tate
149 975 273 1043 fuerint
292 982 457 1067 impediti.

126 1108 189 1176 IV.
211 1107 298 1194 Quia
319 1113 471 1178 hactenus
492 1123 688 1199 compertum
719 1110 780 1188 est,
809 1109 954 1175 Eccleliia
975 1134 1072 1197 prae·

61 1194 140 1258 fidio
164 1191 350 1265 facultatum
373 1198 469 1263 Claro
499 1211 532 1262 et
552 1200 675 1285 populo
700 1197 867 1259 christiano
892 1199 1071 1262 carentibus

61 1282 193 1368 praefici
213 1285 351 1360 multos,
382 1286 438 1370 qni
458 1306 517 1347 nec
538 1281 701 1369 produlia,
731 1293 766 1343 ut
795 1282 978 1366 expediret,
1011 1304 1070 1345 uec

61 1365 220 1453 praeeffe,
252 1379 287 1431 ut
308 1368 449 1446 deceret,
469 1370 631 1445 valeniae,
663 1367 864 1430 instabilitate
891 1367 1071 1447 vagationis

62 1464 95 1515 at
117 1451 333 1516 mendicitatis
361 1455 537 1540 opprobrio
565 1453 765 1517 serenitatem
795 1453 991 1537 pontificalis
1011 1455 1073 1514 ob-

61 1539 211 1601 nubilant
234 1539 419 1619 dignitatis,
443 1561 478 1604 ac
497 1538 717 1603 intolerabiles
740 1540 852 1601 abusus
875 1549 907 1600 et
929 1537 1073 1601 scandala

62 1624 145 1685 circa
160 1619 342 1688 functiones
355 1627 562 1710 episcopales,
584 1624 728 1687 non'line
745 1624 937 1708 episcopalis
960 1624 1073 1703 digni-

61 1711 138 1770 tatis
160 1708 315 1772 dedecore
337 1711 447 1794 palfim
468 1708 685 1787 introducunt,
705 1708 780 1771 dum
800 1710 927 1771 unicum
947 1709 1073 1771 lucrum

60 1794 119 1855 fibi
133 1807 336 1879 proponunt3
356 1795 458 1858 [ancta
477 1795 625 1877 Synodus
644 1794 782 1856 declarat
795 1794 980 1877 hujusmodi
990 1792 1074 1878 Epi-
1164 1804 1168 1811 '

61 1884 177 1963 scopos
207 1884 242 1943 in
265 1882 422 1966 pullenum
442 1903 508 1944 non
535 1878 598 1944 elle
621 1878 836 1955 ordinandos,
867 1881 926 1941 nili
957 1900 1073 1959 urgens

63 1975 95 2027 et
116 1967 224 2044 gravis
250 1968 436 2043 necelfitas,
466 1977 520 2028 aut
552 1965 692 2048 ejusdem
713 1963 866 2026 Ecclesiae
887 1965 1011 2027 utilitas
1037 1963 1074 2026 id

62 2055 232 2134 exposcat:
254 2051 339 2137 quod
365 2074 435 2115 curn
460 2051 650 2131 contigerit,
673 2062 747 2111 tunc
768 2071 905 2128 congrua
930 2063 960 2110 et
982 2071 1074 2110 corn·

62 2148 178 2220 petens
210 2137 318 2218 portio
355 2137 544 2198 auctoritate
570 2135 663 2196 Sedis
696 2134 883 2216 apostolicae
916 2145 1072 2218 perpetuo

62 2222 244 2299 allignatur,
265 2219 348 2281 unde
363 2221 490 2281 honeste
508 2231 540 2280 et
560 2240 619 2302 pro
635 2218 791 2296 dignitate
812 2219 924 2278 vivore
946 2229 1074 2303 queant.

127 2302 174 2368 V.
193 2301 235 2363 Et
256 2303 408 2388 quoniam
430 2313 559 2387 oportet
581 2298 783 2362 Ordinandoe
812 2303 931 2363 bonum
962 2304 999 2363 ab
1029 2302 1073 2364 iis

64 2389 120 2473 qui
142 2385 223 2450 foris
254 2394 328 2451 l'unt
358 2389 474 2449 babere
505 2386 735 2463 testimonium,
769 2385 825 2472 qui
857 2387 1074 2471 promovendi

64 2484 157 2537 erunt
189 2472 228 2534 ad
259 2484 393 2559 quatuor
420 2473 581 2549 minores,
614 2471 696 2533 illud
725 2492 743 2532 a
771 2471 906 2557 proprio¹
930 2471 1072 2534 Parocho

63 2557 403 2635 velaLudimagillro
434 2558 584 2621 afferant:
620 2556 673 2619 ubi
697 2577 773 2618 vero
801 2558 839 2618 ad
868 2560 972 2619 [aoros
990 2557 1075 2620 Sub-

62 2642 264 2721 diaconatus,
295 2643 489 2707 Diaconatus
518 2644 572 2707 vel
591 2640 836 2726 Presbyteratna
867 2643 996 2705 ordines
1028 2644 1075 2704 ii-

63 2729 136 2792 dem
158 2731 217 2816 ipli
248 2741 342 2794 erunt
372 2728 608 2815 promovendi,
629 2723 706 2805 *lui
737 2727 877 2790 mensem
911 2730 1074 2808 integrum

64 2829 155 2899 atque
185 2815 223 2877 ad
246 2813 440 2901 Episcopum
472 2814 733 2903 proficiscantur,
765 2812 952 2875 defiderium
984 2815 1073 2877 luum

62 2900 200 2983 plebano
221 2902 414 2980 lignilicent,
435 2911 467 2963 et
484 2901 586 2985 prima
609 2896 711 2982 pollea
732 2901 882 2982 sequente
903 2896 1074 2960 Dorniuica

64 2984 105 3047 de
128 3007 163 3046 ea
185 3005 220 3046 re
242 2988 380 3072 populns
403 3007 445 3050 ex
471 2985 608 3065 suggesto
632 2984 718 3045 inter
740 2981 902 3044 Miliarem
919 2983 1075 3045 solemnia

64 3069 292 3148 admoneatur,
328 3071 422 3133 lectis
444 3066 697 3134 Ordinandorurn
719 3068 924 3139 nominibus,
951 3089 1076 3147 cogno·
1102 3106 1106 3128 r

65 3153 206 3216 minibus
238 3167 270 3217 et
292 3168 413 3233 aetate,
444 3169 476 3218 et
501 3150 645 3241 per'tres
668 3155 745 3214 alias
765 3154 931 3240 sequentes
955 3151 1074 3216 Domi-
1131 3166 1135 3173 “

63 3241 153 3302 nicas
175 3239 208 3300 id
233 3242 366 3303 omnino
390 3262 457 3303 non
482 3251 604 3303 tanturn
632 3249 812 3323 repetatur,
846 3236 898 3301 tud
930 3247 962 3299 et
993 3259 1074 3322 pro·

64 3337 237 3403 grammata
259 3324 411 3388 Ecclefiaa
444 3328 550 3388 valvis
583 3324 773 3403 affigantur,
807 3333 839 3384 et
873 3320 929 3408 qui
963 3326 1074 3387 volent

64 3409 190 3487 dicant,
222 3411 338 3497 liquid
361 3413 478 3474 habent
500 3422 609 3473 contra
631 3405 852 3484 ordinandos,
884 3407 967 3492 quod
990 3407 1074 3494 Epi-

64 3499 177 3578 scopus
196 3498 274 3558 lcire
295 3497 408 3561 velint.
461 3495 522 3559 His
545 3506 650 3557 autem
672 3495 824 3580 peractis,
848 3493 1072 3558 testimoniales

66 3579 280 3643 describantur
299 3583 435 3656 litterae,
456 3582 491 3644 in
515 3581 628 3668 quibus
650 3591 773 3641 curatus
788 3592 820 3641 et
841 3602 911 3642 curn
933 3601 972 3642 ao
992 3602 1073 3666 qua·
1094 3656 1097 3661 Δ
1188 3668 1192 3674 ¹

65 3677 138 3730 tuor
161 3668 303 3730 leniores
323 3667 530 3746 Presbyteri,
551 3667 576 3728 li
598 3666 677 3743 fint,
698 3686 733 3726 ac
757 3675 893 3752 quatuor
916 3684 959 3728 ex
976 3687 1072 3750 prae·

63 3822 507 3837 Ἣ

96 3899 126 3963 a)
145 3901 226 3950 Forte
244 3897 399 3968 legendum.-
417 3895 618 3954 rutenensem
637 3899 793 3964 integrum,
811 3913 893 3965 quarn
910 3895 943 3951 ad
962 3893 1069 3964 apileo-

97 3986 163 4036 pum
183 3969 403 4036 proficiscantur.
