2528 4522
166 286 174 353 ἶ
210 398 212 403 .
267 295 617 371 constitutiones-ex
641 283 792 398 eptiquo
817 304 910 400 jure·
1003 317 1100 395 '305

85 479 207 560 sistant,
239 482 403 545 canonicis
434 504 470 548 ao
497 484 572 547 eliis
593 484 810 568 beneficiatis,
838 501 886 553 er
901 483 1026 558 clericis
1047 515 1103 560 ec·

86 568 248 633 cleliarum
268 570 430 655 ipsarum,
463 572 520 656 qni
541 571 670 635 eisdem.
686 571 804 638 officiis
830 574 866 639 in
891 576 968 663 ipsis
998 582 1104 645 eccle·

83 655 137 716 fiis
158 653 331 732 adfuerint,
351 657 531 719 tribuantur
544 657 633 741 jhxta
651 659 799 724 'ecclesiae
820 663 987 746 cujuslibet
1009 667 1102 730 ordi·

82 740 249 804 nationem
270 741 517 820 rationabilem,
535 744 598 826 jam
620 738 753 818 factam,
781 750 835 810 seu
858 751 956 812 etiam
977 745 1103 816 sacien÷
1164 800 1165 807 κ

82 825 169 890 dam.
222 824 291 907 Qui
310 847 403 893 ivero
425 829 519 891 aliter
540 828 885 914 de'diptributionibae
906 836 982 920 ipsis
1005 837 1102 922 quid·

82 933 176 1003 quam
201 914 375 995 receperit,
395 909 556 999 (exceptis
586 916 675 993 illis,
708 937 794 1003 quos
813 919 1011 999 infirmitas,
1045 928 1102 994 seu
1136 972 1142 989 Ι

80 997 155 1081 justa
185 1008 217 1058 et
239 999 440 1087 rationabilis
470 1003 647 1086 cerporalis
674 1003 853 1082 necesitas,
885 1017 940 1070 aut
967 1006 1103 1074 evidens

81 1082 227 1145 ecclesiae
243 1083 367 1147 utilitas
386 1090 573 1164 excusaret)
595 1086 703 1151 rer'am
719 1089 760 1151 lic
778 1103 976 1176 receptarum
991 1093 1102 1158 domi·
1130 1150 1133 1159 .

45 1239 54 1257 ,
81 1168 174 1230 nium
186 1191 252 1232 non
268 1172 419 1256 acquirat,
440 1194 499 1234 nec
512 1167 608 1234 faciet
620 1193 673 1236 aas
689 1177 770 1250 sues,
785 1177 886 1239 immo
902 1177 939 1238 ed
954 1181 1101 1245 omnium

80 1253 333 1332 restitutionem,
375 1277 454 1342 quae
486 1268 597 1320 contre
628 1259 816 1342 hujusmodi
844 1262 1101 1330 contitutionem

65 1339 217 1402 nostram
238 1342 406 1427 receperit,
431 1353 583 1407 teneatur.
615 1341 665 1407 De
686 1343 973 1411 distributionibus
991 1352 1101 1430 etiam,
1225 1405 1227 1409 ,

79 1446 144 1509 ΡτοΙ
164 1419 389 1490 defunctorum
411 1427 642 1496 anniverteriia
663 1430 860 1513 largiendis,
880 1432 969 1499 idem
989 1434 1103 1501 decer·

80 1511 188 1575 nimus
208 1512 453 1577 observandum.
936 1526 939 1535 '

81 1741 184 1808 Sexti
201 1741 344 1811 Decret.
363 1745 410 1812 L.
429 1687 502 1813 [Ji.
532 1638 609 1811 ddtx
610 1638 667 1820 I116
689 1743 734 1811 de
744 1743 847 1830 fleta
869 1742 1103 1842 regularium.
1176 1798 1180 1802 -

257 1866 260 1870 '
326 1877 342 1917 ·.
375 1851 455 1916 Cer.
479 1851 564 1917 unic.
586 1853 810 1931 (ann012980)

140 1952 362 2033 Periculos02)
393 1966 426 2018 et
457 1954 632 2019 detestabili
691 1952 876 2031 earumdem
908 1952 1104 2020 monialium

78 2039 169 2103 flatui
189 2039 304 2127 (quae,
335 2040 507 2104 honestetis
536 1976 830 2116 taxarisirabenis,
861 2048 895 2103 et
918 2041 1103 2104 monachali

78 2127 230 2189 modestia
255 2132 412 2211 sexusque
433 2128 626 2190 verecundie
651 2124 858 2212 impudenter
878 2125 1018 2205 abjectis,
1040 2142 1104 2188 sx-

79 2223 129 2272 tra
151 2217 204 2273 sua
225 2211 412 2275 monasteria
443 2230 685 2295 nonnumquam
711 2229 769 2295 par
791 2207 972 2270 habitacula
994 2214 1104 2273 saecu·

78 2297 197 2357 larium
219 2294 425 2380 personarum
447 2295 649 2369 discurrant,
677 2304 710 2356 et
731 2285 915 2378 frequenter
938 2293 1024 2355 intra
1046 2315 1103 2358 ee-

80 2383 153 2444 dem
175 2379 362 2443 monasteria
383 2385 536 2466 personas
559 2382 716 2468 suspectae
737 2375 921 2457 edmittun't,
942 2378 979 2442 in
998 2378 1103 2459 illios,

80 2469 133 2530 cui
154 2469 241 2530 suam
262 2466 674 2549 integritatemvoluntate
691 2468 866 2550 spontanea
888 2462 1102 2543 devoverant,

77 2573 209 2634 grauem
231 2552 407 2630 offensem,
435 2551 606 2632 religionis
628 2550 839 2635 opprobrium
866 2543 900 2612 e't
920 2550 1104 2616 scandalum

31 2672 47 2687 ·
77 2640 312 2726 plurimorum)
334 2636 513 2722 providere
539 2637 709 2698 salubriter·
730 2635 918 2721 cupientes,
940 2635 1102 2721 praesenti

80 2725 317 2800 constitutione,
341 2720 791 2808 perpetuo'irrefragabiliter
816 2721 966 2798 valitura,
989 2723 1100 2787 sanci-

77 2832 173 2886 mus,
193 2807 358 2874 universas
381 2821 413 2872 et
433 2810 572 2891 singulae
587 2808 776 2889 moniales,
802 2811 985 2889 praesentes
1005 2818 1102 2895 atque

79 2894 224 2967 suturas,
256 2896 479 2982 cujuscumque
509 2894 681 2976 religionis
711 2893 773 2977 sint
803 2891 859 2953 vel
886 2891 1032 2967 ordinis,
1063 2893 1101 2955 in

79 2981 274 3068 quibuslibet
292 2981 574 3066 mundipartibus
594 2976 790 3052 exsistentes,
812 2977 875 3039 sub,
889 2986 1045 3062 perpetua
1065 2976 1103 3040 in

79 3068 145 3129 suis
166 3065 364 3128 monasteriis
395 3065 511 3129 debere
532 3059 580 3128 'de
608 3059 715 3127 cetero
736 3081 926 3148 permanere
948 3061 1102 3138 clausura,
1174 3139 1181 3157 Ι
1204 3064 1213 3135 J
1241 3107 1249 3127 .

80 3154 136 3231 ita,
158 3146 244 3237 quod
265 3152 351 3214 nulli
371 3146 497 3238 esrom,
527 3152 722 3242 religionem
749 3147 846 3209 tacite
870 3147 925 3209 ael
950 3144 1102 3247 expresse

79 3233 265 3407 dissidiis
286 3232 1102 3386 slstass,stit*mtttsttttttsttttl

80 3409 221 3494 aliquam
246 3408 390 3469 laborare
413 3408 584 3484 constaret,
608 3405 693 3492 quod
715 3425 782 3466 non
806 3401 910 3489 posset
931 3424 1002 3467 cum
1024 3405 1101 3468 eliis
1169 3411 1182 3429 ⁴

82 3496 200 3578 absque
223 3494 315 3574 gravi
338 3493 483 3578 periculo
507 3498 560 3557 seu
575 3490 722 3556 scandale
745 3486 959 3572 commorari)
982 3511 1101 3558 mone·

80 3581 173 3643 steria
204 3580 269 3664 ipsa
298 3578 449 3663 deinceps
476 3577 663 3659 egrediendi
684 3571 841 3638 facultas:
868 3576 1016 3662 nullique
1036 3576 1102 3637 eli·
1197 3626 1206 3643 „

82 3677 237 3754 quatenus
257 3665 445 3728 inhonestae
461 3666 633 3750 personae,
654 3681 714 3724 neo
737 3661 836 3727 etiam
860 3661 1004 3725 honestae
1026 3660 1101 3736 (nisi

80 3751 284 3816 rationabilis
308 3762 341 3813 et
358 3747 521 3814 manifeste
541 3755 630 3813 causa
652 3747 793 3825 exsistet,
816 3768 852 3810 ec
875 3747 916 3811 de
936 3747 1040 3821 illius,
1060 3742 1101 3808 ad

83 3861 178 3926 quem
200 3836 403 3923 pertinuerit,
423 3837 553 3922 speciali
572 3835 719 3914 licentia)
740 3831 898 3915 ingressus
920 3833 976 3898 vel
997 3833 1101 3896 ecces-

92 3941 532 3957 ..m

42 4048 45 4053 .
117 3987 144 4050 z)
161 3981 206 4035 Aa
224 3983 284 4039 sels.
302 3984 396 4041 XXV.
417 3982 451 4035 de
470 3980 559 4053 regul.
581 3993 609 4038 et
626 3978 743 4036 martial.
761 3995 786 4036 r.
804 3982 831 4042 5.
846 4065 875 4132 U
902 4040 908 4052 .

167 4071 212 4137 11.
725 4094 729 4101 =
