2550 4536
423 242 844 361 Bulla·confirmationis.¹
954 206 986 361 ,ν
1059 283 1137 356 2³3

133 452 191 514 bue
206 447 415 525 convenisset,
435 450 548 518 nostrie
567 462 740 517 convocata
756 451 888 532 littaris,
909 461 941 516 et
962 456 1016 519 sua
1037 454 1136 523 etiam
1197 497 1199 501 ν

131 539 274 621 ipsorum
294 537 414 622 pietate
435 538 844 624 excitata,>episcoporum,
865 551 898 603 et
919 539 1056 604 aliorum
1080 543 1137 606 in-
1201 601 1203 604 Α

133 622 265 702 lignium
287 625 501 707 praelatorum
528 624 684 702 maxima,
717 635 748 687 et
770 626 975 690 oecumenico
996 629 1134 691 concilio

132 706 226 787 digna
257 704 458 794 frequentia,
489 720 614 794 praeter
634 710 794 793 plurimos
813 712 892 775 alios
913 711 1003 795 pios,
1034 726 1065 775 et
1085 719 1136 776 sa-

132 812 253 855 crarum
276 793 454 856 litterarum
477 796 624 870 scientie,
645 794 832 881 divinique,
853 809 886 858 et
906 796 1039 859 humani
1057 798 1136 881 jurio

130 879 316 958 cognitione
337 879 525 964 praeliantes
549 881 649 957 viros,
671 882 915 964 praesidentibus
932 883 995 965 ipsi
1011 881 1133 962 synodo

131 963 215 1027 sedis
236 962 424 1047 apostolicae
445 965 578 1044 legatie,
610 967 706 1028 nobie
732 966 812 1028 adeo
842 967 973 1029 concilii
994 967 1137 1032 libertati

131 1043 331 1125 ferentibus,
363 1061 397 1111 ut
418 1051 514 1113 etiam
536 1051 575 1113 de
596 1053 688 1113 rebus
709 1050 775 1114 sedi
795 1052 981 1137 apostolicae
1002 1054 1135 1138 proprie

130 1135 300 1198 reservatio
322 1134 458 1198 liberum
486 1137 546 1220 ipsi
574 1136 712 1198 concilio
736 1138 901 1200 arbitrium
922 1158 979 1222 per
999 1139 1136 1217 litterae,

130 1219 168 1282 ad
190 1220 314 1301 legatos
333 1220 453 1283 nostroe
472 1219 623 1306 scriptas,
656 1222 742 1284 ultro
764 1224 1020 1307 permiserimus,
1055 1246 1136 1309 quae

100 1305 169 1368 ·do
191 1305 412 1383 sacrementis,
444 1316 478 1368 et
498 1309 572 1368 aliie
595 1307 702 1382 rebus,
739 1329 817 1393 quae
844 1306 974 1395 quidem
995 1308 1137 1371 necessa-

129 1389 196 1453 riae
218 1391 304 1455 visae
322 1393 398 1468 lint,
423 1392 598 1466 tractanda,
618 1391 817 1471 definiendo,
852 1405 883 1456 et
905 1391 1060 1456 statuenda
1082 1415 1137 1458 re-

126 1473 264 1553 diebant,
287 1476 325 1538 ad
348 1471 556 1539 confutandas
576 1477 741 1554 haereses,
771 1478 808 1541 ed
830 1479 1135 1560 tollendooabusut,

129 1572 163 1625 et
183 1560 399 1625 emendandos
421 1583 538 1638 morae,
560 1581 577 1623 a
598 1563 786 1626 sacrosancta
806 1563 928 1645 synodo
949 1565 1068 1628 somma
1090 1566 1135 1628 li-

128 1642 269 1724 bertete‚
292 1646 524 1733 diligentiaque
545 1659 691 1726 tractata,
713 1658 746 1711 et
765 1660 924 1726 accurate,
957 1648 1135 1712 armature

128 1730 301 1797 admodum
333 1730 482 1808 definita,
518 1733 692 1818 explicate,
728 1733 837 1796 statuta
871 1739 954 1798 sunt.
1007 1731 1135 1815 Quibus

128 1819 222 1880 reboo
241 1812 414 1904 perfectis,
435 1820 607 1882 concilium
630 1829 718 1881 tante
738 1820 900 1897 omnium,
933 1818 988 1905 qui
1009 1820 1062 1881 illi
1082 1821 1135 1885 in·
1187 1814 1192 1821 ’

129 1896 318 1978 sorduerunt,
340 1903 508 1966 concordia
526 1899 781 1988 peractumsuit,
804 1916 839 1967 ct
858 1907 1041 1968 consensum
1061 1926 1134 1970 eom

125 1989 259 2076 planca
279 1988 423 2053 Domino
447 1989 594 2052 effectum
607 1985 701 2052 fuisse
722 1990 914 2067 constiterit3
936 1995 966 2067 Ρ)
979 1991 1076 2076 idque
1098 1992 1135 2055 in
1188 1996 1190 2001 ’

126 2074 258 2152 nostris,
288 2086 382 2161 atque
415 2075 559 2137 omnium
586 2075 697 2137 ‘oculis
728 2076 822 2138 valde
850 2075 996 2138 mirabile
1026 2073 1135 2139 suerit.

124 2156 190 2224 Pro
212 2180 276 2247 quo
297 2172 362 2224 tem
381 2160 533 2241 singulari
554 2158 617 2223 Dei
645 2180 777 2224 monere
802 2161 1051 2247 supplicationes
1072 2162 1135 2223 sle-

124 2248 186 2310 tim
208 2246 245 2308 in
265 2245 429 2310 alme'bae
451 2248 529 2309 urbe
559 2243 757 2322 indiximus,
791 2267 871 2332 quae
901 2266 1013 2325 magna
1043 2245 1134 2323 cleri,
1163 2304 1168 2311 .

64 2384 92 2421 ,l
124 2342 157 2397 ot
190 2332 307 2417 populi
339 2332 459 2418 pietate
492 2331 666 2394 celebratae
695 2327 842 2407 fuerunt3
875 2330 1066 2416 laudesque,
1100 2341 1134 2393 et

57 2458 60 2464 ·
124 2420 245 2499 gratim
274 2415 404 2480 divinae
434 2416 583 2499 majestati
611 2414 727 2478 merito
758 2415 985 2501 persolvendas
1005 2416 1134 2479 curavi-

125 2521 219 2579 moe3
241 2524 313 2566 cnm
328 2501 495 2597 ejusmodi
518 2501 648 2564 concilii
668 2500 776 2600 exituo
795 2501 881 2601 spem
903 2523 1068 2601 megnam,
1100 2511 1134 2564 ot

124 2582 690 2758 tssbttlssstsists}
701 2582 1134 2757 sttstssstsssff

125 2761 271 2824 veniant.
313 2757 392 2822 Corn
406 2770 510 2826 autern
531 2759 599 2843 ipsa
619 2763 721 2822 sancia
742 2757 881 2836 synodus
902 2779 961 2842 pro
983 2764 1036 2821 sua
1059 2778 1133 2837 erge

124 2844 232 2910 sedem
252 2845 452 2930 apostolicam
476 2844 675 2915 reverentie,
708 2843 912 2928 antiquorum
936 2843 1032 2905 etiarn
1053 2865 1134 2905 con-

118 2930 276 2995 ciliorum
289 2929 616 3012 vestigiiuinhaerene,
630 2929 826 2992 decretorum
838 2933 965 2991 suorum
978 2928 1134 3003 omnium,

126 3037 205 3103 quae
226 3015 349 3092 noliro,
369 3026 402 3079 et
424 3013 694 3099 praedecessorum
717 3013 893 3076 nostrorum
913 3026 1055 3098 tempore
1078 3009 1132 3073 sa-

125 3112 172 3165 cta
192 3106 287 3179 sunt,
308 3106 353 3186 Ιι1)
372 3101 648 3164 confirmationem
668 3121 685 3160 a
705 3099 800 3161 nobis
821 3098 968 3183 petierit,
1003 3096 1130 3159 decreto

126 3184 167 3251 de
185 3208 222 3251 aa
244 3209 280 3251 re
300 3186 337 3251 in
356 3187 482 3273 publiea
504 3187 636 3249 sessrone
655 3183 760 3246 facto:
789 3183 872 3259 Nos,
893 3204 934 3246 ex
952 3184 1132 3263 legatorum
1253 3238 1257 3245 ,

126 3272 245 3337 litteris
267 3273 376 3359 prius,
392 3272 507 3336 deinde
529 3271 595 3357 post
615 3270 752 3332 reditum
773 3290 883 3332 eorum
899 3289 942 3331 ex
962 3268 1019 3343 iio,
1050 3288 1131 3353 quae

126 3356 241 3439 synodi
263 3360 396 3422 nomine
416 3359 587 3438 diligenter
598 3350 791 3433 retulerunt,
811 3352 1021 3440 postulatione
1034 3352 1132 3437 ipsius
1210 3416 1213 3421 ,

125 3444 242 3523 synodi
266 3445 410 3526 cognita,
434 3442 538 3506 habita
559 3447 651 3526 super
671 3442 729 3502 hac
748 3460 785 3503 re
806 3461 877 3502 eum
897 3437 1132 3501 venerabilibus

127 3525 280 3594 fratribus
302 3530 445 3605 nostris,
462 3530 580 3593 sanetae
601 3526 766 3590 Romanae
793 3524 937 3588 ecelesiae
959 3524 1132 3587 cardinali-

127 3615 204 3694 boe,
236 3615 467 3678 deliberatione
489 3625 626 3690 matura,
661 3612 821 3695 sanctique
843 3611 982 3696 Spiritus
1003 3610 1038 3671 in
1062 3609 1131 3692 pri-

127 3702 189 3765 mic
209 3701 336 3765 auxilio
358 3703 519 3778 invocato,
549 3721 618 3760 curn
641 3719 677 3760 ea
692 3698 814 3758 decreta
837 3697 944 3758 omnia
965 3695 1130 3764 catholica,

129 3798 162 3850 et
177 3788 302 3874 populo
324 3785 500 3848 Christiano
520 3786 628 3860 utilia,
657 3806 691 3845 ac
712 3783 859 3847 salutaria
876 3780 939 3846 else
960 3778 1130 3865 cognovis-

165 3973 196 4044 Ρ)
212 3971 258 4031 Ps.
279 3979 339 4041 117,
356 3986 395 4031 tt.
413 4002 446 4016 -·
484 3973 514 4044 q)
532 3973 563 4029 lu
582 3970 637 4026 fine
655 3971 769 4028 ultimae
788 3968 919 4029 sessionis„
