2528 4522
143 238 213 307 tw
495 236 602 305 iader
621 233 816 303 Lilerarine.
855 306 858 311 ,

212 410 470 538 genamad}
496 481 691 536 Worrnacienlia
714 479 836 534 ecelefiae
866 477 999 548 episcopi,
1036 477 1161 531 Deereio·
1225 520 1230 533 .

143 571 201 612 rnar
217 555 275 607 libri
289 551 350 607 XX.
368 568 403 604 ex
420 553 536 607 cortiliis
556 565 584 607 et
601 552 804 606 orthodoxorum
820 561 922 620 patrona
942 550 1084 610 Decretis,
1110 558 1162 602 tora

53 638 57 647 '
144 628 222 682 atiani
240 622 397 681 diversarum
415 625 546 677 nationum
564 626 693 690 Synodia,
718 638 768 677 eeu
792 623 852 676 ioci'
868 636 1023 676 communes
1042 622 1163 686 congelli,

143 700 170 753 in
187 697 280 764 quibua
297 700 380 746 toturn
399 693 604 749 iicciesraiiicnnr
623 711 715 748 munna
733 697 864 749 luculenta
880 694 1030 752 brevitate,
1050 699 1079 744 et
1092 701 1163 744 reto·

142 785 187 823 rea
205 763 377 820 Ecclesiamnr
402 766 593 820 observationee
619 767 807 834 complectitur.
853 767 927 833 Opna
951 779 1021 817 nunc
1053 765 1162 831 primunr

143 837 285 898 exnnsnrn.
312 836 430 889 omnibna
444 837 602 891 Ecclednsiie
634 857 665 893 ac
687 837 811 893 Parorbia
839 838 966 905 apprime·
983 837 1162 889 necessario..

144 911 244 965 claruit
262 908 306 961 snb
326 907 440 961 ilenrico
458 910 624 978 Imperatore,
644 915 718 964 Anno
736 907 825 961 saintia
846 909 883 963 Μ.
902 905 965 969 XX.
984 904 1113 957 Coloniae
1131 921 1162 959 er

142 982 247 1037 officina
265 977 415 1032 Meicbiorir
432 968 577 1037 Noneiiani.
598 987 678 1036 lats.
698 999 722 1036 c.
744 980 864 1051 privileg.
882 976 1029 1033 Caesareae
1046 977 1113 1045 Mai.
1132 978 1163 1032 ad

142 1051 310 1109 serendum.
328 1049 374 1102 soi.
606 1078 608 1081 ·

214 1123 417 1178 cicimiano.
467 1173 472 1181 ,
581 1154 584 1158 -

216 1194 246 1247 S.
266 1192 454 1246 Caelestini
474 1192 496 1248 1.
524 1194 614 1262 Papae
631 1190 759 1263 epistolae
777 1197 805 1245 ei
822 1192 935 1246 decreta.
977 1189 1085 1247 Qnibna
1100 1206 1165 1244 non·

143 1265 213 1323 nulia
232 1264 339 1324 intenta,
357 1264 389 1316 ad
407 1264 524 1317 eumdem
544 1265 658 1318 sanctum
676 1265 823 1335 pontificem
842 1261 1006 1332 pertinentia.
1047 1263 1092 1315 Ex
1109 1262 1164 1314 edi-

144 1339 215 1391 tione
236 1335 268 1388 V.
288 1334 318 1386 (i.
337 1335 435 1388 Petri
453 1337 656 1400 Contentii,
676 1337 702 1391 in
719 1334 842 1390 Bibliotb.
857 1337 929 1391 Patr.
946 1334 1164 1390 astrolino.

143 1407 178 1461 Τ.
196 1405 245 1461 IX.
264 1423 290 1475 p.
308 1406 416 1473 lflbsqq.

206 1476 350 1531 'Crrernrr
368 1477 481 1545 episcopi
500 1477 723 1532 Arelatensi·
741 1476 882 1536 homiliae,
908 1489 1002 1540 magna
1030 1489 1066 1526 ex
1092 1483 1164 1544 pario

144 1548 212 1616 apud
232 1549 397 1613 Angustinnm
410 1549 443 1602 Τ.
454 1550 487 1604 V.
507 1551 532 1602 ln
544 1551 709 1618 Appendice3
728 1551 843 1618 reliquae
861 1549 887 1600 in
905 1547 1022 1599 Maxima
1041 1547 1163 1600 Bibliotb

143 1620 217 1676 Patr.
235 1618 268 1671 Τ.
290 1618 362 1672 Vlli.
380 1637 406 1687 p.
423 1619 540 1687 sivsqq.
558 1622 593 1686 ·).
622 1654 625 1658 ·
710 1645 715 1655 ·

217 1690 349 1742 (lineare
367 1693 529 1743 Aroaroaror
548 1692 598 1745 rid.
614 1692 750 1761 Corpnr
764 1689 856 1758 juria
872 1687 1049 1746 canonici.

215 1759 375 1816 crearentur.

214 1831 364 1887 loannir
393 1830 550 1885 Cassiani
575 1833 662 1900 Opera
691 1833 792 1898 omnia,
825 1847 883 1884 enm
912 1831 1110 1884 commentariia
1133 1831 1162 1885 ii.

143 1900 268 1957 Aiardi
287 1902 435 1967 (irenaei,
452 1904 606 1957 coenobitae
616 1903 754 1968 vedastini,
772 1903 869 1956 ordinia
885 1904 915 1956 S.
935 1902 1085 1969 Benedicti.
1124 1903 1163 1955 Ab

144 1973 236 2028 eodem
255 1972 340 2024 denno
359 1976 508 2041 recognita,
534 1977 724 2028 commentariia
749 1973 811 2043 ipsrr
827 1975 903 2027 tertia
922 1981 995 2041 parte
1011 1973 1164 2027 auctorlbnr

144 2044 190 2111 (i)
208 2045 330 2107 illustrior
346 2046 460 2103 redditae
487 2063 606 2113 novoque
632 2046 737 2115 ini'nper
760 2047 786 2099 in
814 2046 892 2100 libror
918 2045 950 2097 de
974 2045 1162 2109 incarnatione,

144 2117 189 2184 qni
206 2113 415 2181 desiderabatur,
433 2119 618 2174 commentario
635 2119 801 2189 locupletata.
836 2112 961 2186 Lipsiae„
987 2133 1032 2186 ap.
1053 2118 1164 2172 wette-

143 2188 201 2246 nlor
220 2193 248 2242 et
265 2186 358 2241 smitb.
379 2192 457 2247 17³³.
474 2191 520 2249 soi.

179 2260 233 2384 Deb
241 2258 421 2311 coenobiorum
438 2259 574 2330 institeris
598 2259 632 2315 lr'-
711 2257 871 2313 Coilcrionee
888 2260 1007 2314 Parrum
1020 2258 1132 2313 XXIV
1131 2295 1141 2313 .

234 2329 259 2386 rr'
277 2331 346 2384 XII.

216 2400 412 2463 crrrrononne.

215 2470 305 2537 Magni
324 2474 461 2527 Aurelii
483 2472 703 2532 cassiodorii
722 2469 862 2535 senatoria,
890 2471 937 2524 viri
956 2471 1079 2540 patricii,
1098 2487 1164 2524 con·

147 2541 251 2606 solerie,
271 2550 298 2594 et
319 2543 473 2596 Vivariensra
491 2546 606 2608 abbatia,
630 2546 717 2615 Opera
736 2545 821 2597 omnin
836 2545 861 2595 in
880 2543 945 2595 door
961 2543 1062 2595 Tomoe
1081 2544 1166 2596 distri-

143 2612 220 2671 buta.
249 2613 282 2664 ad
300 2612 376 2664 fldem
395 2614 455 2668 Mis.
478 2615 561 2667 Codd.
581 2617 716 2669 emendata
735 2621 869 2679 eteocle,
888 2616 955 2667 notia
973 2621 1000 2667 et
1020 2615 1163 2668 observatt.

144 2683 287 2748 illustrata,
304 2698 363 2734 oum
382 2684 509 2739 indicibna
527 2684 694 2755 incipienti,
712 2687 804 2754 quibui
823 2686 995 2754 praemittitur
1011 2686 1083 2738 illine
1102 2687 1164 2750 vita,

145 2769 212 2821 qnae
231 2768 297 2807 nnnc
315 2755 424 2822 primurn
440 2759 464 2810 in
484 2759 566 2811 iucem
586 2759 672 2826 prodit
690 2775 747 2811 curn
766 2759 948 2810 Dissertatione
970 2757 1003 2809 de
1021 2758 1082 2824 eJne
1101 2759 1165 2810 Mo·

145 2823 265 2885 nachatu.
301 2827 389 2893 Qpera
408 2834 435 2882 et
452 2829 532 2886 studio
551 2830 576 2881 J.
596 2831 751 2896 Garetii‚
775 2828 891 2881 monachi
908 2828 1004 2880 ordinis
1023 2830 1053 2881 S.
1074 2829 1165 2882 Bene·

145 2896 206 2950 dicti
224 2912 240 2948 e
258 2905 410 2963 congregat,
447 2902 476 2955 S.
495 2901 595 2976 Mauri.¹
639 2901 766 2954 Veneriis.
784 2902 853 2968 typir
874 2900 975 2951 Antonii
997 2900 1103 2969 Groppi
1122 2901 1165 2953 bi-

144 2969 273 3036 biiopoiae
300 2971 400 3026 Veneti.
453 2972 570 3024 Prostant
598 2988 660 3024 vero
691 2973 759 3041 apud
793 2973 1000 3023 Bartoiornaeum
1028 2971 1164 3024 lavarina.

143 3042 312 3170 ῗιιξξιιὲιῖιω
333 3042 468 3110 permistio,
488 3060 519 3099 ao
532 3045 668 3120 privilegio
689 3044 856 3101 excellentiis.
870 3042 987 3100 *senatun
1032 3042 1113 3097 'semi
1127 3044 1165 3101 11.

161 3117 176 3164 7
216 3149 223 3170 .
252 3128 287 3165 ο.

212 3182 246 3235 Τ.
263 3182 305 3235 ll:
321 3181 463 3253 Exposttio
476 3182 506 3239 ln
522 3182 656 3255 Pserimos.

213 3253 389 3308 (inridentur.

213 3323 359 3380 Rituaie
376 3327 560 3380 Romanurn
585 3327 722 3380 Benedicti
748 3328 837 3396 Papae
855 3325 928 3382 xlv.
953 3325 1022 3394 Jniiir
1051 3327 1164 3396 editum,

43 3440 48 3457 ,
142 3398 171 3445 et
188 3403 291 3447 auctum
310 3399 443 3466 perpetnia
466 3401 655 3453 commentariis
674 3407 840 3463 exornatum,
867 3415 898 3452 ae
924 3399 950 3450 1ιι
974 3399 1040 3450 dnor
1059 3400 1165 3454 Tomoe

141 3461 267 3528 divisum,
284 3469 376 3532 quibui
392 3475 475 3533 vetrae,
493 3485 524 3521 ac
542 3486 607 3522 nora
626 3470 755 3524 sacrorum
779 3471 874 3523 rituum
893 3468 1035 3538 disciplina,
1053 3470 1165 3524 sancto-

38 3551 42 3564 ·
142 3551 199 3588 rum
216 3536 334 3601 Petrum,
351 3556 383 3593 ac
399 3541 535 3608 insignium
552 3542 697 3596 Ritnaiinm
715 3542 873 3608 testimoniis,
890 3543 1068 3595 Rornanorum
1088 3544 1165 3597 Pon-

145 3653 589 3677 Μ

197 3720 223 3788 ')
243 3718 400 3773 Caesarii
422 3725 534 3792 episcopi
553 3688 768 3778 Arelatensis
795 3720 915 3775 homiliae
932 3720 1003 3774 XIV.
1019 3737 1088 3790 qnae
1107 3724 1161 3792 pri-

144 3807 200 3847 mae
218 3793 299 3844 edidit
318 3791 408 3859 Steph.
430 3796 566 3856 Bainzirrr,
593 3797 722 3849 accessere
746 3794 797 3845 alin
824 3795 944 3845 nonnulla
971 3792 1096 3860 opuscula
1125 3811 1161 3848 ex

143 3864 412 3930 codicclteguiarinm
429 3863 597 3924 Hoisreniano
615 3868 736 3926 deiurnta.
773 3865 804 3921 ln
822 3863 944 3921 Bibliotb.
960 3865 1032 3923 Patr.
1051 3881 1075 3922 c.
1091 3869 1161 3922 Gai-

142 3933 211 3988 tend.
246 3935 280 3993 'l'-
298 3935 346 3991 XI.
364 3953 391 4005 p.
408 3936 481 4009 nsqq.
