2528 4522
146 197 150 217 1
189 176 270 321 sals¹
411 215 787 337 incessissent
811 236 975 309 Trident.

189 420 248 508 gui
261 417 443 483 -thilliana
460 414 581 502 pietate
601 421 783 495 censentur,
813 418 930 504 ubique
948 415 1149 501 suscipiatur,
1170 428 1204 480 et

80 492 86 508 ⁸
187 506 326 577 ,cernetis
345 503 538 590 quibuslibet
565 502 816 576 obstaculis,'ab
845 505 993 573 erunibus
1024 503 1203 587 acqualiter
1256 527 1260 532 ·

189 595 406 659 ,observetur.,
438 584 518 653 Cum
548 588 711 673 itaquein
732 589 845 653 eodem
864 591 1001 655 concilio
1025 589 1204 672 quamplu-

187 680 271 751 rima
291 671 444 748 salubria,
473 684 507 735 et
529 671 571 735 ad
602 675 816 747 universalem
836 697 962 736 suorum
991 674 1204 754 reformatio-

189 783 265 825 nem
286 758 379 831 valde
403 759 514 832 utilia,
535 757 923 844 decretaatquellatuta,
957 770 1082 820 maturo
1106 779 1204 842 prae-

188 847 326 909 sentium
348 842 490 929 ipserum
507 846 894 929 exarnmepcaccedeute,
914 846 975 905 lint
999 843 1102 917 edite,
1126 844 1203 928 qui-

188 932 246 995 bus
267 931 369 995 inulta
389 940 483 1014 atque
505 926 629 993 divorsa
650 931 843 1014 privilegia,
866 926 1114 1012 exemptiones,
1136 932 1203 991 im-

188 1016 384 1089 munitates,
411 1014 684 1100 dispensationes,
723 1011 906 1085 facultates,
936 1014 1202 1088 conservatoriae,

187 1100 329 1173 indulta,
352 1110 403 1173 et,
427 1111 461 1163 ut
482 1113 622 1176 nocant,
648 1094 907 1173 cousetnonatia,
932 1097 1203 1177 et¹)Mare1na·
1233 1167 1235 1173 ,

187 1208 302 1267 gnum,
324 1195 357 1248 et
378 1185 459 1255 aliae
480 1186 611 1266 gratiae,
633 1207 712 1270 quea
735 1187 852 1261 variis,
870 1198 934 1246 tam
954 1184 1202 1257 cathedralibus,

187 1273 285 1336 etiam
305 1271 584 1354 metropolitanis,
616 1291 709 1356 quatu
736 1271 917 1350 collegiatis
942 1270 1098 1345 ecclesiis,
1127 1291 1201 1332 rno-

186 1356 351 1433 castoriis,
385 1358 615 1431 conventibus,
650 1366 682 1426 et
709 1357 782 1418 eliis
803 1356 991 1435 religiosis,
1014 1356 1111 1416 etiam
1133 1350 1203 1417 fra·

187 1454 273 1507 tcutn
297 1441 550 1516 mendicantium
576 1440 743 1517 domibus,
774 1453 807 1503 et
838 1440 1020 1503 ordinibus:
1050 1461 1109 1501 nec
1131 1461 1232 1513 nori„

158 1527 282 1603 =structi
312 1526 453 1610 Spiritus
485 1528 521 1589 in
543 1526 658 1601 Saxis,
689 1527 788 1588 sarrcti
815 1524 951 1588 Joannis
972 1523 1200 1599 Lateranensis,

183 1634 221 1683 ac
243 1612 465 1675 incurabilium
490 1609 533 1671 de
560 1612 653 1685 urbe,
685 1613 781 1679 soracti
804 1606 944 1673 Antonii
974 1609 1140 1672 Viennen.
1168 1622 1201 1670 et

185 1697 284 1759 sancti
305 1694 469 1766 Bernardi
493 1694 605 1757 Juren.
638 1694 774 1779 aliisque
798 1696 1026 1780 hospitalibus,
1061 1695 1201 1769 militiis,

179 1788 357 1865 'eorumque
379 1780 538 1862 capitulis,
563 1790 596 1841 et
618 1782 849 1856 conventibus,
875 1802 909 1842 ac
931 1781 1200 1853 universitatibus,

185 1866 280 1927 etiam
301 1863 472 1926 studiorum
489 1864 686 1944 generalium
704 1866 871 1945 collegiis,
894 1876 957 1926 tam
978 1866 1198 1940 saecularibus,

184 1971 277 2036 quam
301 1949 524 2025 eccleliallicis,
543 1945 873 2027 confraternitatihus,
905 1951 1129 2025 societatilms3
1166 1963 1199 2011 et

158 2047 248 2099 ¹tem
270 2036 427 2120 principis
448 2031 675 2118 Apostolorum
698 2027 737 2097 de
760 2040 853 2112 urbe,
884 2056 976 2120 quam
999 2031 1198 2097 aliislahri-

183 2121 252 2191 cis,
270 2126 393 2184 saumae
409 2122 585 2195 cruciatae,
605 2119 742 2206 aliisque
763 2121 835 2205 piis
848 2120 949 2196 locis,
979 2133 1011 2184 et
1033 2123 1196 2206 operibus,

183 2228 330 2269 necnon
359 2206 568 2290 patriarchis,
598 2205 865 2292 archiepiscopis,
897 2207 1075 2291 episcopis,
1104 2228 1196 2291 prae·

182 2293 275 2369 latis,
296 2289 478 2367 abbatibus,
508 2290 684 2368 abbatissis,
715 2293 894 2376 prioribus,
924 2292 1133 2376 praepositis,
1164 2305 1195 2352 et

182 2378 255 2439 aliis
276 2376 502 2450 ecolefiasticis,
531 2387 593 2438 tam
615 2378 844 2450 saecularibus,
876 2399 969 2462 quam
986 2372 1194 2439 'diversorum

181 2460 328 2522 ordinum
350 2472 382 2522 et
403 2456 593 2524 militiarum
615 2462 830 2542 regularibus,
851 2464 1002 2524 ucetiam
1025 2463 1117 2523 laicis
1139 2484 1194 2521 cu-

178 2545 361 2629 juscumque
383 2543 571 2622 dignitatis,
598 2557 630 2607 et
650 2547 765 2619 stunc,
797 2569 832 2609 ac
864 2548 998 2627 gradus,
1030 2558 1063 2610 et
1085 2549 1194 2608 excel-.

178 2628 315 2703 sentiae,
338 2649 372 2688 ec
394 2630 490 2690 etiam
513 2628 636 2701 ducali,
663 2632 773 2711 regia,
803 2643 835 2694 et
856 2633 1018 2718 imperiali
1039 2633 1193 2711 dignitate

178 2708 377 2794 fulgentibus
400 2714 565 2798 utriusque
586 2718 680 2776 sexus
695 2717 866 2814 personis:
896 2739 954 2780 nec
983 2740 1048 2779 non
1074 2719 1194 2802 aliqui-

178 2799 236 2860 bus
258 2793 414 2875 notariis',
436 2808 468 2883 et
489 2798 585 2860 etiam
608 2799 647 2861 de
668 2798 768 2864 latere
790 2802 920 2882 legatis,
943 2815 1036 2887 atque
1060 2804 1192 2873 nuntiis,

177 2895 243 2947 tum
265 2898 436 2968 perpetuo,
454 2905 550 2968 quam
573 2884 609 2944 ed
633 2897 774 2969 ternpus,
808 2910 866 2972 per
899 2889 1006 2972 plures
1029 2886 1192 2949 llonranos

178 2969 350 3056 pontifices
389 2967 642 3053 praedecessores
669 2971 806 3047 colicos,
842 2993 876 3033 ac
899 2994 978 3047 rios,
1016 2985 1048 3034 et
1085 2973 1189 3034 l'adem

176 3047 389 3139 apbllolicam,
412 3055 539 3140 ejusque
562 3055 683 3134 legatos
698 3051 858 3120 ‘hactenus
883 3059 980 3118 etiam
998 3069 1087 3119 rnotu
1112 3079 1191 3142 pro-

177 3143 269 3230 prio,
302 3153 396 3203 etex
418 3151 501 3200 certa
524 3137 673 3213 scientia,
705 3163 738 3202 ac
761 3142 800 3204 de
821 3143 1008 3226 apostolicae
1030 3140 1189 3227 potestatis

157 3222 395 3308 ,plurriludinm
426 3230 479 3288 seu
502 3225 867 3310 etiemimpecstocum,
905 3248 1030 3307 regum,
1066 3227 1189 3298 ducum,

172 3312 367 3383 et,ellerum
387 3308 570 3393 princip'um
593 3311 858 3395 contemplatione
879 3324 912 3372 et
933 3313 1071 3386 intuitu,
1093 3315 1188 3374 etiam

170 3390 377 3458 detraham«
397 3394 552 3468 consilio,
583 3392 813 3473 diversimode,
849 3398 1007 3483 variisque
1029 3401 1189 3482 tempori-

173 3478 251 3563 bus,
274 3480 310 3541 in
331 3501 468 3558 genere,
492 3481 556 3541 -vel
578 3480 699 3563 specie,
734 3502 774 3543 ex·
803 3483 918 3566 quavis
941 3485 1038 3545 etiarn
1060 3483 1189 3545 honella

172 3568 262 3661 causa
280 3563 498 3639 comesum
521 3563 620 3628 etiam
639 3565 761 3651 pluries
782 3570 967 3630 confirmata
989 3579 1020 3630 et
1032 3567 1187 3631 innovata

192 3740 336 3847 ,phthisis
347 3759 478 3845 inagnum
495 3765 532 3828 etl
548 3760 624 3828 bulla
645 3772 788 3829 corrtlneut
812 3780 884 3828 uaria
900 3775 1109 3829 carmelitarum
1127 3777 1186 3839 pri-

112 3866 114 3879 ι
192 3854 195 3859 ·
205 3830 324 3985 mpla,
341 3857 374 3898 er
386 3845 505 3933 aliorum
523 3845 730 3919 religiosorum,
758 3844 808 3900 sub
825 3851 939 3902 tremine
957 3847 1031 3903 Sixti
1049 3845 1100 3900 tv.
1119 3843 1187 3932 sup-¹
