2528 4522
328 343 332 350 Ι
388 201 626 331 Confirmatio
648 253 814 357 anibi.
859 324 871 337 ..
918 317 922 327 ·
1027 278 1101 351 231

96 435 242 513 Petrum,
273 436 530 504 reverendissimi
546 438 620 504 DD.
638 440 728 519 mei,
751 441 927 511 cardinales
937 442 1104 525 tttoronus,

27 608 30 617 ¹
97 533 130 584 et
150 521 324 600 Simonem,
344 545 446 609 nuper
466 527 583 590 reversi
606 531 728 595 asacro
749 530 888 595 concilio
900 527 1105 609 Tridentino,

96 608 147 669 cui
176 609 225 691 uti
253 609 338 672 sedie
369 609 556 694 apostolicae
583 611 682 695 legati
705 626 899 699 praeerant,
941 617 1104 702 petierunt

95 695 133 756 ab
154 691 268 757 eodem
287 695 476 760 sanctissimo
497 695 538 763 D.
557 697 662 773 notlro
684 708 718 763 at
738 696 834 766 infra.

124 844 126 850 “
156 826 339 894 Beatissimo
361 842 469 916 pater,
486 830 669 908 indecreto
689 837 783 922 super
804 837 871 901 fine
884 834 1023 901 concilii
1043 856 1102 901 oe·

94 915 253 978 cumenici
284 914 491 1001 Tridentini,
530 917 636 1004 pridie
666 940 767 984 nonae
790 919 975 986 Decembris
1008 941 1103 1008 prae·

94 999 186 1061 teriti
206 996 383 1086 publicato,
421 1002 566 1067 statutum
595 997 681 1081 suit,
712 1018 745 1068 ut
766 1029 824 1093 par
844 1007 1021 1072 sanctitatis
1041 1028 1103 1070 re·

93 1083 187 1164 lirae,
208 1097 240 1148 et
262 1091 381 1152 sanctae
402 1087 487 1152 sedia
503 1089 688 1175 apostolicae
708 1090 847 1173 legatos,
868 1103 900 1156 et
921 1090 1103 1178 praefiden-

92 1181 140 1232 tes
160 1183 321 1255 peteretur
342 1172 475 1238 nomine
500 1171 581 1238 dicti
608 1174 740 1242 concilii
763 1197 781 1241 a
809 1177 975 1242 sanctitate
1003 1178 1103 1240 vestra

91 1258 293 1320 confirmatio
315 1259 477 1338 omnium,
499 1271 532 1322 et
552 1261 766 1343 singulorum,
785 1283 864 1350 quae
883 1274 948 1327 tam
968 1264 1024 1328 sub
1045 1257 1102 1328 sel.

87 1359 157 1404 rec.
174 1341 274 1405 I'aulo
295 1340 365 1424 Ill,
388 1354 420 1408 et
437 1344 526 1407 tutio
547 1342 618 1425 Ill,
634 1367 728 1432 quarn
748 1348 803 1412 sub
823 1349 985 1412 sanctitate
1002 1346 1102 1425 vestra
1145 1390 1147 1396 ι

92 1426 129 1488 in
150 1447 190 1489 eo
212 1427 350 1508 decreta,
364 1440 404 1492 vat
425 1429 558 1496 definita
579 1431 658 1495 sont.
703 1429 909 1519 Quapropter
925 1453 988 1497 noa
1001 1431 1103 1494 Joau·

92 1531 152 1574 nae
185 1514 356 1578 cardinalia
373 1513 544 1594 llsoronus,
574 1526 606 1580 et
629 1514 814 1581 Lndovicus
846 1517 1017 1583 cardinalis
1045 1516 1102 1578 Si-

92 1609 239 1677 moneta,
265 1601 320 1687 qui
341 1612 416 1664 tunc
439 1602 552 1681 legati,
583 1613 614 1665 et
633 1603 846 1688 praefidentes
866 1623 1009 1682 aramue,
1036 1621 1102 1666 vo-

92 1682 198 1746 lentes
232 1687 350 1772 exequi
371 1684 455 1772 quod
486 1688 521 1750 in
554 1686 639 1751 dicto
668 1687 796 1753 decreto
825 1689 996 1752 stabilitum
1025 1683 1101 1764 soit,
1172 1733 1179 1741 .

93 1769 263 1832 humiliter
285 1773 423 1856 petimus
451 1772 585 1837 nomine
605 1772 683 1836 dicti
704 1775 837 1837 concilii
858 1772 1055 1855 oecumenici
1070 1767 1103 1859 ²)

93 1851 304 1932 Tridentini„
341 1870 374 1919 ut
410 1858 557 1920 sanctitas
596 1859 694 1923 vestra
725 1859 877 1939 dignetur
914 1860 1101 1924 confirmare

93 1941 222 2018 omnia,
253 1952 285 2003 at
306 1941 444 2023 singula,
473 1963 552 2028 quae
572 1953 638 2007 tem
659 1946 714 2008 sub
735 1940 793 2010 sel.
814 1966 877 2008 rec.
906 1939 1102 2020 Paulo-111,

52 2113 56 2120 .
93 2036 127 2088 et
144 2025 233 2176 {gulfiio
254 2024 333 2104 111„
362 2048 456 2114 quam
471 2031 527 2092 sub
546 2031 712 2094 sanctitate
734 2030 832 2094 vestra
851 2030 888 2093 in
908 2052 947 2093 co
968 2028 1103 2106 decreta,

91 2123 125 2175 et
168 2111 279 2174 enita
300 2116 384 2179 sunt.
900 2127 903 2130 ’

156 2250 284 2332 Quibus
301 2247 437 2323 auditis,
460 2245 609 2310 sanctitas
630 2249 704 2323 sua,
723 2246 811 2327 viso,
832 2257 865 2310 et
884 2247 967 2317 leuto
991 2257 1104 2308 tenore

92 2334 173 2398 dicti
196 2335 334 2409 decreti,
368 2343 401 2396 at
421 2332 540 2394 habitis
562 2331 651 2397 votis
676 2330 1010 2397 reverendissimorum
1029 2329 1102 2399 DD.

90 2442 239 2484 aneorum
258 2419 488 2495 cardinalium,
508 2416 674 2503 respondit
693 2440 752 2506 per
773 2419 851 2481 hacc
874 2418 982 2482 verba.

154 2553 341 2632 Peritioni,
363 2552 497 2617 nornine
528 2550 659 2616 concilii
690 2549 889 2616 oecumenici
915 2543 1103 2613 Tridentini

91 2645 186 2726 super
207 2641 273 2723 ejus
295 2641 541 2702 confirmatione
572 2649 630 2724 per
656 2637 760 2700 dictos
785 2640 908 2720 legatos
933 2633 1029 2699 nobie
1050 2625 1103 2703 sa·
1132 2695 1135 2701 .

93 2740 180 2802 ctae,
212 2735 404 2803 annuentes,
443 2724 569 2798 omnia,
608 2733 640 2788 et
668 2723 806 2804 singula,
841 2741 920 2811 quae
948 2722 984 2783 in
1014 2718 1101 2781 dicto

94 2810 233 2876 concilio
268 2822 332 2874 tam
367 2813 422 2874 sub
452 2806 509 2874 fel.
539 2830 602 2871 rec.
633 2807 733 2871 Paulo
754 2806 832 2884 111„
860 2818 894 2870 ct
918 2799 1103 2881 JulioIlI,

94 2894 384 2984 praedecessoribus
404 2894 536 2970 nostris,
552 2915 650 2980 ,quam
672 2895 878 2979 pontificatus
901 2888 997 2952 nostri
1017 2897 1103 2949 tem·
1190 2948 1192 2955 ,

95 3004 176 3071 pore
197 2981 338 3061 decreta,
368 2991 401 3044 et
433 2979 566 3043 definita
596 2983 686 3057 sunt,
719 2971 1102 3058 auctoritateapollolica,

95 3069 191 3132 etiam
222 3067 261 3130 da
291 3066 522 3132 venerabilium
542 3060 677 3129 fratrum
698 3063 874 3125 nostrorum
894 3056 1103 3121 cardinalium

94 3152 249 3229 consilio,
280 3163 313 3216 at
340 3150 479 3228 assensu,
511 3160 631 3213 matura
660 3169 732 3212 cum
766 3147 837 3209 illis
871 3142 1102 3207 deliberatione

121 3238 299 3313 rachabita,
319 3239 562 3313 confirmamus,
583 3248 676 3322 atque
698 3234 736 3295 ab
758 3228 906 3296 omnibus
925 3225 1040 3290 Christi
1059 3228 1103 3290 fi·
1128 3281 1130 3285 ,
1212 3237 1217 3252 ”

94 3262 219 3389 delibus
235 3322 353 3409 recipi,
373 3320 656 3387 etinviolabiliter
675 3316 837 3382 observari
852 3312 1047 3390 mandamus,
1066 3312 1102 3376 in

95 3411 229 3475 nomine
249 3408 366 3484 l'atrie,
385 3420 417 3476 et
435 3407 527 3486 Filii,
547 3417 580 3470 et
600 3404 742 3492 Spiritus
763 3398 872 3480 sancti,-
892 3395 1010 3465 Amen.

539 3540 588 3606 lta
607 3541 659 3607 eli.

153 3677 257 3747 Alex.
280 3674 480 3744 Cordinolia
503 3671 710 3764 Farnefiua,
727 3665 1040 3738 vicecancellarius.
1079 3669 1085 3681 ’

135 3932 163 3997 2)
182 3928 355 3983 oecumenici
373 3943 422 3978 om.
440 3923 499 3978 eod.
