2528 4522
289 130 299 163 l

176 262 253 334 154
329 246 423 346 App.
435 247 463 318 1.
481 249 537 319 aa
554 248 692 319 conca.
715 246 879 320 ‘rorem
914 250 1015 320 esen
1036 250 1173 321 xmv,

175 435 291 519 synodi
302 434 427 498 decreta
440 437 667 523 requirunlu'r..
696 431 861 517 Quoniam
877 453 955 496 vero
976 435 1012 497 in
1033 435 1188 499 sumendo

176 525 216 587 de
243 520 415 608 praedictio
446 523 595 585 omnibus
624 521 833 609 ¹qualitalibus
861 521 972 601 gravi,
1004 520 1188 607 idoneoque

175 608 353 684 boneium,
385 619 418 670 at
438 607 770 693 ductorium-virorum
793 596 990 683 testimonio,¹
1021 602 1088 669 riori
1112 609 1188 668 uni-

175 690 293 757 formia
312 692 394 755 ratio
416 695 531 779 ubique
553 678 807 767 e‘x''*ndll·drritrir3
828 692 1035 776 populorum,
1056 715 1090 753 ac
1114 715 1187 754 mo-

173 800 246 842 rum
267 776 421 841 iarietate
441 777 541 865 potest¹
560 777 753 852 adbiberiqo
761 777 892 838 orandae
910 778 1185 857 Ianolalynodus,

175 876 211 926 ut
232 864 268 926 in
282 864 479 949 provinciali
501 862 636 944 l'ynudo,¹
655 863 1015 949 per-'metropolitanum
1030 864 1185 938 habenda,

173 949 402 1035 praescribatur
434 949 611 1036 quibusque
639 948 742 1021 locis,
775 959 809 1010 at
826 948 1025 1031 iprorinciia'
1051 950 1183 1033 propria

174 1037 351 1111 examinis,
373 1033 424 1097 seu
446 1034 684 1121 inquilinum,
712 1042 765 1094 aut
784 1032 999 1095 instructionis
1015 1028 1186 1097 'faciendae

173 1115 295 1197 foruna,
327 1120 510 1184 sanctissimi
540 1117 681 1181 Romani
709 1119 874 1203 pontificia
901 1119 1034 1179 arbitrio
1064 1140 1186 1204 appro-

173 1205 294 1282 banda,
308 1224 311 1231 ·
327 1225 418 1293 quae·
434 1206 536 1285 magis
565 1205 689 1267 eisdem
709 1204 788 1267 loris
810 1203 915 1279 utilia,
944 1214 1037 1289 atqua
1061 1226 1186 1290 oppor-

172 1301 250 1353 tuna
272 1289 336 1354 effe
356 1289 537 1353 videbitur:
569 1289 616 1351 ita
639 1301 761 1362 tamen,
794 1299 850 1363 ut,
883 1310 955 1350 cum
982 1288 1100 1353 deinde
1122 1292 1186 1355 hoe

173 1396 326 1451 examen,
360 1380 414 1439 seu
444 1374 608 1461 inquifitio
640 1374 680 1437 de
708 1373 841 1459 persona
862 1375 1086 1459 promovendo
1108 1394 1187 1459 per·

171 1458 255 1525 fecta
288 1458 406 1532 luerit;
442 1481 479 1524 ea
509 1462 546 1523 in
579 1458 818 1522 inllrumaulum
850 1460 1013 1545 publicum
1048 1459 1185 1538 redacta,

172 1568 244 1610 eum
266 1558 337 1609 toto
358 1545 550 1620 testimonio,
571 1566 606 1607 ac
618 1549 655 1621 ἣ·
667 1539 863 1629 profellione
882 1545 960 1607 fidei
980 1546 1019 1609 ab
1031 1566 1078 1609 »ao
1093 1542 1184 1622 lacta,

172 1633 409 1718 quamprimum
441 1630 480 1692 ad
519 1631 743 1693 lanctilfimum
775 1628 956 1694 Romanum
994 1633 1182 1714 pontificem

174 1714 309 1779 or'rmino
328 1718 580 1778 transmittatur:
602 1727 636 1777 ut
659 1717 727 1801 iple
747 1713 1062 1800 romanuspontifex,
1086 1717 1183 1801 plena

169 1804 272 1864 totius
295 1803 433 1881 negotii,
457 1822 492 1862 ae
512 1806 718 1886 personarum
737 1803 855 1863 notitia
878 1802 1003 1877 habitu,
1018 1822 1090 1887 ·.pro
1112 1824 1184 1881 gre-

170 1888 221 1966 gis
242 1886 409 1949 Doruinici
431 1885 600 1949 commodo
623 1886 663 1949 de
683 1887 766 1963 illia,
784 1887 809 1947 fi
830 1885 941 1949 idonei
950 1909 1015 1974 .per
1035 1908 1182 1964 examen,

169 1972 223 2035 feu
245 1994 303 2056 per
323 1971 564 2058 inquilitionem
592 1967 713 2034 laetam
731 1973 851 2055 reperti
873 1968 1027 2059 fueriott·
1044 1975 1182 2037 ecclellis

195 2058 265 2120 olfit
282 2058 393 2120 utilius
410 2056 595 2143 providere.
628 2053 747 2120 Omnes
770 2078 848 2119 vero
871 2058 1108 2143 inquisitiones,
1128 2059 1184 2120 in-

167 2078 401 2219 ddrmaliones,
432 2143 625 2218 tellimouia',
657 2142 940 2226 age-probationem
989 2164 1180 2228 uaecumque

167 2228 208 2292 de
230 2227 449 2315 promovendi
480 2231 712 2315 qualitatibus,
737 2238 773 2290 et
803 2228 949 2292 ecclefi'aa
967 2165 1046 2293 datu
1067 2232 1183 2314 aqui·

167 2315 378 2400 humumque,
399 2315 495 2376 eliam
518 2313 554 2377 in
577 2312 849 2387 lintrium-curia,
872 2308 1089 2398 habitae‚'.par
1110 2337 1182 2377 car-

167 2399 329 2474 dinalem,
350 2400 405 2486 qui
427 2399 616 2463 relationem
637 2396 859 2461 factumeerit
875 2399 911 2462 in
927 2399 1115 2475 eonfflorio,
1149 2412 1181 2463 et

166 2485 250 2546 alios
274 2496 339 2545 trae
360 2482 536 2546 cardinales
564 2484 738 2565 diligenter
764 2484 1009 2556 examinenturt
1041 2505 1079 2551 no.
1097 2487 1181 2547 rela-

167 2569 216 2629 tio
239 2569 307 2652 ipsa
329 2567 499 2630 cardinalis
521 2570 679 2644 relatoris,
701 2580 733 2631 et
756 2570 856 2631 trium
877 2569 1085 2655 cardinalium
1104 2574 1180 2633 lub-

166 2653 342 2737 scriptione
365 2654 552 2716 roboretur:
585 2655 621 2717 in
644 2675 705 2739 qua
720 2654 786 2739 apli
806 2654 923 2734 [iuguli
951 2667 1086 2740 quatuor
1108 2676 1180 2718 car-

166 2738 291 2800 dinales
314 2735 489 2818 affirment,
509 2742 560 2815 le,
588 2738 897 2802 adhibita.aceurala
918 2738 1104 2821 diligentia,
1124 2743 1181 2803 in-

167 2821 291 2886 venilla
324 2823 568 2907 promovendos
602 2825 809 2911 qualitalibus
841 2826 972 2907 ajune,
1006 2828 1098 2889 etab
1119 2828 1178 2888 lmc

165 2910 266 2972 lancta
287 2908 410 2988 synodo
432 2909 607 2995 requifilis,
628 2911 811 2996 praeditum
832 2932 868 2972 oc
890 2922 979 2974 certo
1002 2912 1180 2975 existimare

164 2999 221 3058 sub
244 2995 386 3080 periculo
414 2996 526 3061 salutis
553 2994 863 3060 aelernaeridoneos,
879 2992 973 3073 eliso,=
991 2999 1062 3084 qui.
1076 2999 1179 3061 eccle-

165 3082 221 3142 fiis
242 3081 488 3165 praefiniuntur:
517 3081 565 3142 ita
589 3094 630 3143 ot
660 3082 816 3144 relatione
847 3082 890 3145 in.
912 3083 1178 3150 uno‡cunlillurio

165 3161 266 3237 sactu,¹
284 3187 346 3250 quo
369 3166 528 3229 maturius
549 3167 674 3229 interea
689 3167 728 3229 de
748 3168 816 3251 ipla
836 3166 1180 3252 inquifitioneeogno-

164 3250 208 3311 lei
233 3250 346 3334 pellit,
376 3251 413 3311 in
444 3252 533 3314 aliud
562 3252 776 3314 conlidorium
806 3252 1181 3332 lodi'cium,differatur;

165 3335 226 3401 nili
246 3334 332 3396 aliud
353 3335 531 3399 beatil'fimo
563 3338 712 3421 pontifici
734 3336 896 3400 videbitur
909 3339 1083 3422 {expediret
1134 3339 1179 3401 Ea

164 3440 242 3481 veru
266 3420 384 3497 omnia,
406 3431 439 3482 at
456 3422 588 3505 lingula,
611 3421 739 3506 quaeda
751 3424 974 3507 episcoporum
987 3425 1180 3509 praeficien-

164 3503 278 3566 dorum
301 3506 385 3581 vita‚
405 3518 536 3583 aetate,
565 3506 727 3583 doctrina,
764 3519 795 3569 el
816 3510 949 3571 caeteris
971 3511 1179 3595 'qualitalibus

162 3591 243 3652 aliae
265 3590 301 3651 in
324 3590 433 3653 eadem
456 3590 579 3672 synodo
602 3593 766 3655 constituta
781 3592 1034 3669 lunt‚..decemit
1056 3597 1177 3669 eadem,

162 3677 260 3739 etiam
280 3674 317 3738 in
342 3677 504 3739 creatione
524 3683 648 3742 sanctae
674 3676 838 3741 Romanae
866 3681 1010 3744 eccleliae
1032 3682 1179 3744 cardina-

197 3940 225 4003 e)
244 3936 310 3991 vid.
328 3934 433 3988 bullam
452 3935 498 3990 Pii
516 3938 567 3992 lv.
586 3937 668 4006 super
686 3937 777 3992 forma
793 3904 893 4006 juram.
912 3937 1025 4004 prolell·
1041 3939 1090 3994 fid.

44 4084 202 4258 κ,
