2528 4522
74 286 82 293 ..
177 222 180 228 ’
242 245 443 327 Decretum
467 243 516 317 de
539 241 726 330 librorum
747 246 900 329 delecto.
1000 263 1075 335 103

55 416 221 495 dam'zelo
242 427 347 493 editae
366 423 500 506 luerint,
519 448 624 516 neque
644 441 753 495 tamen
766 427 844 494 huic
859 440 923 495 tem
945 450 1072 515 magno,

56 538 93 581 ac
113 513 297 602 pernicioso
319 517 432 577 morbo
461 514 631 579 salutarem
661 519 761 579 ullam
788 512 943 603 profuill'e
966 520 1073 585 medi-

55 603 182 682 cinam«,
216 601 395 681 mensuit,
426 611 462 664 ut
490 599 607 662 delecti
634 601 673 664 ad
707 603 789 665 benc
818 602 1073 689 disquisitionem

56 699 167 774 patres
196 686 235 751 de
261 686 419 762 censuris,
455 681 611 771 librisque
645 686 723 773 quid
755 682 840 751 lacto
875 708 957 773 opus
984 690 1073 769 silet,
1167 728 1175 745 .

56 774 233 857 diligenter
253 770 506 853 confiderarent3
537 784 630 858 atque
653 772 811 835 etiamad
834 774 977 837 eamdem
998 781 1073 841 lan-

56 870 143 922 ctem
171 857 330 939 synodum
368 859 424 919 luo
459 866 604 942 tempore
642 856 815 921 referrent:
847 881 910 946 quo
946 854 1073 924 facilius

56 944 129 1029 ipsa
151 944 246 1028 poffit
271 943 375 1004 varias
401 952 434 1004 et
455 942 638 1026 peregrinae
663 942 839 1023 doctrinas,
869 957 1027 1031 tamquam
1039 944 1073 1032 ¹¹)

56 1030 202 1106 zizanio,
226 1049 244 1090 a
267 1025 460 1090 Christianae
480 1028 628 1090 vilitatis
648 1029 756 1092 tritico
778 1029 938 1114 separare3
971 1030 1073 1116 deque

55 1112 527 1201 leiscommodiusdeliberare,
545 1111 730 1192 etllatuere,
750 1135 830 1201 quae
840 1115 878 1185 ad
888 1117 1074 1200 scrupulum

56 1221 103 1265 ex
122 1197 337 1284 complurium
353 1199 472 1262 animis
486 1198 704 1277 eximendum,
726 1210 758 1262 et
774 1200 935 1275 tollendos
946 1198 1074 1275 'multu

56 1306 133 1350 rum
154 1285 355 1372 querelarum
376 1284 501 1362 caulas,
532 1284 635 1363 magis
665 1295 846 1371 opportuna
868 1285 1073 1353 videbuntur.

56 1369 149 1435 Haec
167 1382 273 1434 eutem
295 1369 404 1432 omnia
426 1369 465 1431 ed
485 1370 637 1443 notitiam
651 1391 857 1456 quorumcom
883 1392 922 1434 ue
941 1371 1073 1437 deducta

58 1456 125 1521 ell'e
147 1457 238 1532 vult,
260 1466 357 1541 prout
379 1454 477 1516 etiem
499 1456 657 1539 praesenti
677 1456 803 1519 decreto
823 1393 973 1527 deducit:
996 1458 1074 1521 utli

84 1545 135 1605 uis
156 1541 196 1604 ad
215 1547 249 1607 le
270 1541 432 1626 pertinere
446 1541 562 1626 aliquo
585 1539 682 1603 modo
707 1543 891 1626 putaverit,
916 1562 995 1627 quae
1018 1544 1074 1607 vel
1108 1606 1120 1628 ,

59 1565 102 1691 de
122 1628 186 1690 hoc
206 1628 384 1703 librorum,
412 1636 445 1688 et
465 1629 665 1688 censurarum
687 1627 837 1706 negotio,
862 1627 915 1689 vel
938 1627 978 1688 de
999 1629 1075 1692 aliis

82 1735 141 1776 uae
162 1713 200 1777 in
220 1714 284 1774 boc
304 1712 447 1791 generali
468 1712 605 1781 concilio
628 1713 788 1775 tractanda
807 1712 987 1799 praedixit3
1007 1735 1075 1779 non

57 1735 184 1863 dubitet
204 1818 222 1861 e
243 1798 345 1863 lmcta
367 1795 489 1878 synodo
510 1795 542 1860 le
563 1798 701 1878 benigne
723 1797 865 1860 auditum
887 1796 941 1859 iri.
984 1814 992 1873 ᾗ

126 1881 295 1970 Quoniam
329 1903 407 1945 vero
442 1881 550 1945 eadem
588 1888 693 1946 lancta
725 1884 867 1965 synodus
903 1903 947 1946 ex
980 1880 1077 1946 corde

59 1980 176 2057 optat,
202 1968 370 2053 Deumque
402 1966 499 2039 enixe
530 1979 642 2048 rogat,
673 1965 698 2052 1)
710 1989 789 2059 quae
816 1968 854 2031 ad
876 1967 1077 2054 pecem²lunt

59 2054 229 2133 ccclefiae,
269 2065 306 2116 ut
334 2052 474 2116 univerfi
509 2074 712 2117 communem
743 2064 878 2117 matrem
911 2055 946 2117 in
982 2052 1076 2117 terrie

62 2145 289 2225 agnoscentes,
310 2159 399 2224 quae,
422 2134 456 2225 h)
478 2160 558 2223 quos
581 2127 719 2225 peperit,
741 2138 890 2201 oblivisci
913 2161 979 2203 non
1047 2148 1077 2200 t·

62 2228 120 2303 eil,
139 2226 165 2306 ¹)
176 2222 360 2289 unanimes
381 2243 449 2287 uno
470 2241 529 2284 ore
548 2225 767 2304 glorificemus
788 2220 926 2300 Deum,
950 2231 985 2284 et
1031 2243 1075 2285 a·

62 2322 155 2376 trem
171 2305 319 2374 Domini
339 2304 455 2409 nostri,
475 2302 560 2390 Jesu
584 2305 730 2393 Otristt3
757 2328 816 2392 per
838 2308 959 2369 viscera
981 2307 1080 2371 mile-

61 2396 221 2459 ricordiae
239 2391 381 2477 ejusdem
400 2389 479 2465 Dei,
505 2402 538 2452 et
560 2390 695 2454 Domini
718 2392 834 2468 nollri,
862 2410 994 2468 omnes,
1023 2391 1080 2477 qui

63 2483 232 2547 uobiscum
261 2477 522 2540 communionem
550 2498 617 2540 non
643 2474 781 2555 habent,
813 2476 852 2540 ad
874 2475 1080 2541 concordiam

66 2579 98 2631 et
115 2563 433 2640 reconciliationem,
467 2572 501 2624 et
531 2558 630 2626 ut'ad
663 2564 744 2625 banc
764 2567 901 2643 sanctem
921 2561 1080 2643 synodum

67 2654 218 2727 veniant,
243 2648 381 2721 invitat,
401 2659 496 2732 atque
516 2646 678 2726 hortatu'r3
712 2659 809 2735 utque
819 2651 862 2726 ω)
883 2646 1081 2728 caritatem,

67 2736 158 2825 quod
176 2759 195 2799 e
241 2729 421 2798 vinculum
433 2725 674 2818 perfectionis,
691 2736 931 2819 amplectantur,
952 2754 1082 2819 pacem·
1101 2769 1103 2773 ·

38 2886 42 2895 ,
71 2844 128 2911 que
202 2816 298 2909 risti,
321 2820 518 2880 exultantem
540 2815 577 2879 in
600 2814 857 2895 cordibus-tuis,
877 2840 953 2903 prae
975 2821 1008 2880 le
1030 2813 1083 2880 le-

71 2918 160 2988 runt,
188 2905 227 2969 in
274 2924 346 2966 uam
366 2899 481 2966 vocati
501 2902 595 2972 lunt,
626 2899 664 2964 in
690 2923 758 2964 uno
779 2922 927 2988 corpore.
990 2900 1082 2965 Hanc
1173 2976 1177 2983 ¹

74 3014 148 3077 ergo
168 3013 236 3056 non
251 2926 440 3065 immanem,
461 2987 514 3052 led
530 2986 671 3072 Spiritus
690 2987 789 3065 lancti
811 3009 924 3049 vocem
945 2986 1082 3050 audien·
1125 2988 1129 2995 ’

74 3090 142 3158 tos,
157 3080 246 3155 ¹¹)ne
268 3074 425 3139 obdurent
445 3071 540 3135 corda
560 3076 634 3150 lua,
655 3070 708 3136 led
732 3070 845 3145 iri-tuo
864 3074 956 3137 lenlu
972 3067 1083 3154 ⁰)npn

77 3164 289 3236 ambulantes,
313 3180 417 3244 neque
436 3157 494 3219 fibi
515 3158 732 3242 mptaeenes,
765 3156 890 3219 red-tarn
911 3159 1020 3242 piam,
1047 3167 1084 3220 et

77 3252 240 3313 lalntarem
252 3246 365 3309 matris
378 3247 451 3306 luae
461 3241 718 3306 admonitionem
731 3241 929 3320 excitentur,
950 3253 983 3305 et
1003 3265 1084 3307 con-

78 3346 247 3415 tertqntur.
273 3327 447 3403 ,Omnibus
462 3329 549 3391 enim
563 3328 701 3390 caritatis
724 3326 839 3392 officiis
860 3332 963 3394 sancta
984 3332 1085 3411 lyno-
1197 3336 1201 3343 '

60 3418 137 3485 *dus
154 3439 212 3484 eos
233 3427 269 3480 ut
289 3417 428 3491 invitat,
448 3414 493 3475 ita
514 3416 754 3501 complectetur.

84 3560 517 3579 ---——--——-·—-

18 3660 21 3665 ’
113 3661 143 3727 g)
157 3653 327 3712 settxxtt.
344 3655 416 3704 circa
436 3647 485 3703 lin.
502 3648 546 3701 De
563 3643 656 3699 iudice
673 3639 784 3695 libr.-
820 3639 852 3709 b)
868 3638 967 3694 Mattb.
985 3645 1030 3700 13,
1047 3653 1085 3693 eo.

114 3730 236 3784 Gratiam
254 3728 364 3778 Deerat.
383 3722 415 3775 P.
434 3720 468 3773 ll.
487 3716 558 3771 canl·
575 3720 620 3776 25.
638 3732 686 3784 qu.
704 3721 730 3773 2.
748 3719 826 3774 c.25.
846 3741 883 3780 -Ι
923 3714 945 3776 i)
962 3706 1006 3762 Pl.
1025 3715 1086 3770 121,

116 3817 188 3858 e-
220 3798 251 3859 k)
271 3794 330 3848 llai·
349 3801 393 3858 49,
413 3808 497 3848 1⁵·-·
525 3790 546 3855 l)
566 3790 798 3850 llom.15‚e.=-
833 3775 1087 3849 m)001.3.1olq.

119 3899 152 3911 -
206 3861 743 3932 u)Pl.9t1,s.llebr.3,e.4‚r.-
797 3851 826 3921 o)
844 3853 916 3922 pr.
933 3858 965 3912 e,
991 3867 1027 3907 rt·
1052 3874 1087 3888 ··-

122 3941 150 4009 p)
166 3942 245 3995 lloru.
264 3943 313 4003 15,
332 3957 340 3994 ι
363 3936 422 4003 sqq.
