2528 4522
117 264 193 354 176
259 260 352 363 App,
376 254 476 333 lant
500 252 637 336 Concil.
660 261 826 337 Tnuaur.
870 262 970 336 Seis.
996 264 1135 339 XXIV.

114 454 287 531 alimenta,
305 462 338 514 et
359 452 516 534 expensae
536 447 607 511 litia
630 447 713 514 velit
733 449 977 515 lubrniniflrere.
1019 450 1136 532 Legati

115 556 260 628 quoque,
292 539 390 599 etiarn
413 535 591 611 delatore,
620 537 749 614 nuntii,
777 540 1006 616 gubernatores
1031 541 1136 600 ercle-

115 627 239 703 liallici,
261 634 312 685 aut
329 622 392 682 'alii
414 641 680 706 quarumcumque
703 616 891 685 facultatum
915 625 1046 704 vigore,
1067 647 1134 688 non

114 714 219 775 solum
240 710 408 794 episcopos
430 711 465 768 in
487 707 658 790 praedictis
680 709 775 769 caulis
796 707 973 794 impedire,
997 723 1049 769 aut
1070 712 1135 770 ali-

116 818 179 882 quo
214 793 310 856 modo
342 813 454 854 eormu
481 790 737 873 jurisdictionem
770 794 812 856 iis
845 798 1048 879 praeripere,
1080 805 1134 857 aut

114 884 240 943 turbere
263 900 328 942 non
351 875 568 962 praesumeret
603 877 658 940 l'ed
690 898 748 940 neo
781 878 878 941 etiam
900 895 1011 941 contra
1034 882 1134 943 oleri-

114 989 192 1040 coe,
213 965 335 1026 aliaeve
358 966 508 1047 personas
529 962 762 1037 eccleliallioao,
783 966 844 1026 nili
864 968 1016 1050 epil'copo
1039 967 1132 1051 prius

112 1051 286 1139 requilito,
317 1068 419 1132 eoque
455 1048 640 1127 negligente
675 1048 870 1137 procedant:
905 1052 986 1112 uliae
1018 1073 1132 1116 eorum

113 1134 293 1225 precelsus,
313 1132 578 1197 ordirtatloneave
597 1134 726 1198 nulline·
738 1135 900 1217 inornenti
920 1137 1002 1210 lint3
1036 1150 1133 1223 atque

113 1221 153 1285 a'd
185 1218 296 1283 damni
327 1211 598 1294 satisfactionem,
637 1214 916 1304 partiboaillati,
939 1233 1132 1291 ¹teneantur.

114 1306 298 1382 Praeterea,
332 1302 356 1366 li
378 1300 450 1390 quia
472 1302 508 1366 in'
527 1302 646 1367 colibus
668 1326 686 1366 o
708 1302 782 1386 jure'
804 1302 961 1392 permislis
983 1309 1133 1392 appella-

113 1386 219 1472 v'erit3
249 1394 303 1475 'e'ut
323 1388 363 1453 de
385 1389 492 1475 aliquo
515 1388 909 1477 gravarnine'c'onq‘riellus
935 1386 1058 1469 luerim,
1075 1394 1131 1457 leu

113 1480 196 1543 eliae
219 1479 260 1539 ob
284 1474 406 1561 laplmn
429 1474 572 1551 biennii,
591 1470 647 1539 =de
669 1485 732 1562 quo
755 1470 867 1560 lupia,
894 1476 933 1538 'ad
956 1474 1056 1540 aliurn
1078 1479 1132 1562 ju-

113 1565 217 1628 dicem
240 1561 427 1634 recurreri13
448 1571 590 1622 teneatur
613 1570 679 1643 acte
702 1563 827 1630 ornnla,
850 1574 954 1639 eoram
976 1564 1130 1651 epil'copo

113 1650 210 1733 gella,
231 1646 269 1710 ad
291 1645 428 1730 judicem
447 1644 679 1731 appellationis
693 1638 839 1730 expenlie
854 1650 921 1710 l'uie
935 1645 1131 1714 transferre:

113 1735 227 1805 eodem
252 1745 357 1795 tamen
379 1729 530 1815 epil'oopo
552 1731 643 1815 prins
665 1731 850 1807 admonito,
872 1744 925 1809 ut,
953 1726 1075 1821 li'rjuid
1096 1739 1130 1799 ei

138 1843 173 1882 ro
196 1822 303 1883 caulae
326 1814 530 1879 instructione
551 1813 729 1891 videbitur,
769 1818 866 1902 polfit
895 1810 1130 1909 judici'appel-

111 1842 243 1970 litionis
267 1902 450 1985 ligriificare.
495 1895 592 1983 Quod
615 1900 831 1987 liappellatoe
845 1896 1053 1989 cornpare'atr'
1069 1928 1131 1970 co-

112 2002 204 2072 gatur
238 2003 313 2055 tuno
341 1988 372 2049 ia
403 2006 530 2073 quoque
558 1997 832 2073 actorurn,·quae
866 1992 1015 2053 translata
1044 1995 1128 2069 lunt,

111 2078 269 2163 expensos
290 2095 349 2161 pro
371 2074 522 2157 portione
541 2069 603 2148 loa,
625 2070 737 2134 fiilli's'
763 2075 809 2134 uti
833 2075 983 2153 voluerit,
1002 2077 1128 2153 'subire3

110 2166 171 2227 nili
191 2162 286 2225 aliter
307 2180 350 2221 ex
370 2157 436 2219 loci
456 2156 684 2222 consuetudine
707 2162 869 2236 servetur,
891 2160 928 2221 ut'
949 2160 1066 2224 scilicet
1085 2165 1125 2225 ad

111 2248 329 2337 appellantem
371 2244 534 2323 integrum
569 2244 632 2306 hoo
674 2264 756 2307 onus
791 2246 962 2331 pertineat.
1023 2245 1126 2312 Porro

110 2334 213 2420 iplarn
227 2345 372 2407 actorum
386 2330 514 2415 copiam
537 2338 682 2391 teneatur
700 2334 858 2407 notarius,
879 2348 1017 2413 congrua
1039 2355 1129 2395 rner-

111 2421 187 2482 oede
208 2427 351 2502 accepta,
382 2413 559 2498 appellanti
591 2425 708 2499 quanto
737 2415 851 2492 cilius,
887 2428 919 2477 et
948 2419 985 2479 ad
1019 2420 1127 2480 mitius

110 2505 195 2567 intra
218 2504 359 2566 rn'enlern
383 2499 547 2561 exhibere.
599 2494 668 2581 Qui
689 2501 833 2564 notorius
853 2502 877 2562 ti
897 2502 932 2565 in
948 2503 1126 2567 differenda

110 2589 315 2655 exhibitione
336 2580 481 2671 fraudent
504 2581 636 2660 lecerit3
669 2588 707 2647 ab
729 2583 830 2648 officii
852 2586 1125 2652 administratione

109 2675 244 2738 arbitrio
268 2669 426 2734 ordinarii
456 2669 686 2755 suspendator;
716 2680 749 2732 et
781 2671 820 2734 od
854 2672 946 2759 dupli
974 2695 1124 2759 poenam,

106 2752 223 2847 ¹quanti
248 2779 284 2820 ea
313 2757 357 2819 lis
380 2749 496 2835 fuerit,
527 2755 613 2818 inter
641 2755 875 2841 appellantem,
907 2769 939 2820 et
967 2781 1125 2845 pauperes

109 2846 175 2910 lori
197 2840 466 2921 distribuendam,
502 2842 725 2928 compellatur.
779 2840 885 2906 lodex
906 2864 1004 2922 vero,
1037 2848 1060 2906 li
1091 2860 1125 2908 et

108 2932 178 3021 ipse
207 2927 432 3018 impedimenti
460 2926 555 3008 hujus
585 2926 749 3004 conscius,
784 2931 985 3016 particepeve
1014 2926 1124 3008 fuerit,

109 3021 245 3083 aliterve
282 3014 453 3088 obstiterit,
495 3034 536 3075 ne
568 3010 747 3099 appellanti
778 3015 905 3093 integre
936 3028 1004 3077 acta
1037 3018 1124 3082 intra

107 3115 237 3190 ternpus
260 3100 477 3183 traderentur,
504 3099 543 3161 ad
565 3097 708 3163 eamdem
731 3096 823 3184 dupli
844 3117 1001 3185 poenam,
1026 3116 1125 3187 prout

108 3192 219 3275 lepra,
253 3181 478 3260 teneatur42):
512 3207 579 3247 non
609 3183 818 3261 obllantibus,
845 3207 908 3272 quo
942 3185 980 3248 ad
1013 3191 1124 3251 omnia

108 3273 353 3360 suprascripte,
384 3269 588 3353 privilegiis,
623 3270 777 3345 indultis,
810 3270 1012 3353 concordiis,
1042 3296 1124 3361 quae

108 3362 183 3423 [uos
207 3369 336 3445 tanturn-
357 3366 486 3418 teneant
509 3362 671 3436 auctores,
705 3366 738 3418 et
765 3356 840 3419 aliis
871 3357 1125 3449 quibuscumque

108 3443 400 3531 eonsuetudinibus.
955 3454 958 3459 '
1062 3444 1065 3453 '

111 3606 444 3621 ν--κ--ωυκ-ψ
453 3605 553 3617 .-.....-,.

143 3695 191 3762 42)
208 3703 349 3750 teneantur
367 3689 456 3745 Hord.
555 3706 557 3711 ⁴
