2528 4522
124 167 226 321 122ι
261 230 355 333 App.
381 231 411 308 I.
437 235 485 304 ad
518 231 835 326 Concil'I'rideut.
884 235 968 306 sets.
993 215 1134 308 XXll.¹

122 424 296 504 guitetum‚
318 421 563 509 personatuum,
583 429 616 482 et
645 417 845 498 officiorum,
875 420 910 485 in
932 421 1072 486 eccleliis
1093 444 1145 486 ca·

122 509 335 585 tbedrulibue,
360 508 414 571 vel
439 502 620 586 collegiatis
643 504 846 569 exilientium
868 501 902 591 ¹)
912 509 1041 571 tertiam
1066 531 1144 594 par-

120 607 188 660 tem
207 595 245 660 in
264 591 521 669 distributiones,
563 613 675 654 eorum
697 591 830 671 arbitrio
852 591 1069 675 allignundas,
1089 593 1144 658 di-

120 681 235 744 videre
251 678 401 766 pollinta¹
420 689 457 742 ut
476 675 615 754 scilicet,
635 675 692 763 qui
714 697 768 740 eus
791 678 961 752 obtinent,
980 681 1004 742 fi
1026 686 1142 765 perlo-

48 768 80 843 ’,
120 767 240 830 naliter
266 773 453 850 competens
473 764 530 825 fibi
544 761 575 841 4)
607 763 773 826 servitium
804 764 893 846 juxta
914 761 1071 842 lorrnam,
1102 768 1141 830 ab

120 851 243 916 eisdem
264 850 425 935 episcopis
454 847 744 935 praescribendam,
778 851 921 934 quolibet
950 851 1004 913 die
1024 852 1139 915 llatuto

120 959 189 1001 uon
208 937 445 1021 impleverint3
478 935 571 996 illius
602 933 668 996 diei
690 934 954 998 distributionem
981 939 1140 1016 amittant,

119 1043 179 1085 uec
204 1022 271 1105 ejus
294 1043 422 1109 quoquo
452 1019 549 1082 ruodo
578 1017 759 1082 dominium
788 1022 971 1107 acquirant,
1004 1022 1057 1086 led
1091 1018 1160 1103 su-‚

117 1109 224 1170 bricuo
245 1106 408 1186 ecclefiue,
429 1116 585 1193 quatenus
602 1104 763 1186 indigeat,
785 1119 839 1168 aut
856 1108 951 1169 altari
971 1110 1029 1194 pio
1052 1111 1139 1182 loco,

118 1192 250 1255 arbitrio
274 1192 449 1268 ordinarii,
480 1191 670 1277 applicetur.
709 1188 923 1268 7)Grelcente
957 1215 1036 1257 vero
1058 1217 1139 1258 con-

118 1279 277 1356 tumacia,
300 1289 410 1341 contra
433 1299 488 1341 eos
511 1273 599 1368 juxta
621 1280 779 1340 lucrorum
801 1299 959 1341 canonum
985 1274 1139 1343 co'nllitu-

117 1365 227 1427 tiones
252 1363 436 1451 procedant.
479 1359 577 1445 Quod
602 1362 628 1424 li
647 1360 745 1424 alicui
765 1383 807 1425 ex
830 1364 1004 1447 praedictis
1025 1365 1138 1446 digni—

21 1502 31 1529 „.
94 1452 237 1527 ,tutibus
264 1450 303 1514 in'
326 1448 464 1525 eccleliis
491 1447 744 1527 cathedralibus,
778 1448 835 1515 ‚vel
857 1450 1058 1530 collegiatis,
1097 1452 1137 1515 'de

18 1532 21 1539 '
115 1535 204 1620 jure,
240 1532 558 1610 leucouluetudiue,
580 1532 781 1618 jurisdictio,
814 1533 1061 1615 administratio,
1083 1539 1137 1600 vel

118 1620 261 1686 officium
283 1642 350 1684 uon
371 1631 532 1705 compatet
541 1610 575 1697 ,²
590 1618 640 1681 led
670 1631 761 1682 extra
791 1619 961 1683 civitatem
981 1622 1016 1684 iu
1041 1623 1136 1686 dioe-

36 1717 40 1723 “
117 1707 220 1785 cette)
241 1727 314 1769 cura
334 1708 512 1769 animarum
536 1704 727 1780 immineam
760 1705 881 1781 coiis,
912 1705 970 1794 qui
990 1707 1136 1789 dignitu-

115 1801 182 1855 tem
203 1793 348 1869 obtinet,
380 1791 564 1854 incumbere
593 1789 760 1863 voluerit3
794 1801 870 1853 tunc
892 1813 952 1876 pro
979 1807 1136 1880 tempore,

114 1898 180 1964 quo
203 1876 239 1942 iu
261 1886 366 1940 curate
386 1876 513 1939 ecclelia
537 1872 710 1949 resederit,
736 1896 771 1937 ac
793 1876 1031 1956 ministraverit,
1053 1878 1136 1944 turn-

137 1983 209 2026 uam
255 1965 380 2026 raesens
400 1961 455 2036 lit,
486 1983 521 2023 ac
541 1958 665 2022 divinis
692 1961 827 2037 interfit,
859 1962 894 2025 iu
923 1965 1062 2029 eccleliie
1084 1988 1135 2029 ca.

112 2059 125 2111 t
153 1985 323 2125 edralibus,
345 2068 380 2111 uc
397 2046 578 2127 collegiatis
591 2047 754 2113 habeatur.
780 2045 883 2110 'Haec
904 2034 941 2113 in
959 2050 1006 2137 lie
1019 2047 1134 2131 l)turr-

74 2204 77 2209 ¹
111 2144 182 2196 tum
204 2135 342 2197 eccleliis
364 2134 529 2196 conllituta
544 2127 572 2211 6)
595 2131 828 2211 intelligantur,
849 2135 884 2195 in
905 2130 1021 2220 quibus
1043 2139 1132 2200 nulla

112 2217 392 2294 etcorporum,
415 2220 469 2283 vel
490 2218 653 2294 statutum,
687 2228 722 2280 ut
740 2215 844 2281 dictae
868 2219 1041 2299 dignitates
1065 2246 1133 2287 non

111 2305 291 2370 servientes
310 2303 432 2391 aliquid
465 2303 631 2380 amittant,
662 2302 746 2388 quod
779 2303 817 2365 ad
847 2308 977 2369 tertium
1008 2321 1135 2396 partem

113 2389 273 2454 dictorum
313 2385 490 2469 fructuum,
543 2401 576 2451 et
611 2399 828 2474 proventuum
861 2392 1024 2455 ascendut:
1066 2418 1134 2458 uon

113 2475 304 2538 obstantibus
337 2474 636 2550 consuetudinibus,
683 2477 779 2537 etiam
812 2476 1135 2563 imrnemurabilibus,

112 2559 374 2644 exemptionibus
390 2558 431 2638 ⁷),
452 2572 484 2622 et
506 2558 796 2636 constitutionibus,
823 2562 921 2626 etium
941 2563 1136 2649 juramento,

112 2658 143 2709 et
164 2644 278 2732 quavis
298 2647 488 2709 auctoritate
509 2644 657 2708 firmatis.

527 2812 606 2884 Gar.
627 2813 693 2880 IV.

38 2942 42 2953 ’
112 2932 171 3017 [ln
185 2928 329 3021 ,ecclefia
348 2928 562 3010 cathedrali,
590 2933 646 2998 vel
662 2933 867 3022 collegiata,
886 2934 988 3023 sacro
1008 2907 1134 3006 oriliue

111 3041 179 3085 non
203 3015 344 3083 initiati
365 3039 478 3081 vocem
499 3015 537 3080 in
560 3017 718 3104 capitulo
733 3042 799 3083 noa
823 3019 994 3088 balaami
1029 3024 1131 3106 Qua-

154 3103 275 3168 litatca
300 3112 334 3168 el
356 3122 463 3168 onera
485 3098 716 3170 obtinentiam
736 3103 903 3193 beneficia
926 3107 962 3173 ia
983 3109 1087 3193 illia]

176 3223 380 3312 Quicumque
400 3227 434 3288 in
456 3223 651 3304 cathedrali,
674 3230 726 3292 vel
748 3232 938 3312 collegiata,
965 3237 1131 3315 saeculari,

109 3313 164 3375 vel
185 3310 215 3396 θ)
237 3312 380 3410 regulari
402 3311 529 3375 ecclelia
551 3311 675 3376 divinis
696 3314 896 3403 ruancipalus
917 3317 1055 3398 officiis,
1093 3323 1132 3387 in

144 3532 173 3597 4)
192 3529 233 3592 ibi
245 3550 298 3604 pro
315 3533 364 3588 libi
382 3534 450 3604 Dit,
470 3535 555 3592 Viro„
572 3537 673 3592 Rham„
695 3535 770 3609 ch„
790 3537 837 3592 Va.
848 3566 885 3578 -
929 3538 962 3608 5)
977 3537 1025 3592 lais
1042 3540 1132 3609 Bria,

147 3601 239 3670 Vird,
265 3605 374 3672 liberm,
393 3606 483 3662 Hard.
501 3637 548 3677 -,
581 3609 610 3674 6)
627 3605 748 3661 intttruu
774 3608 864 3665 Hord.
883 3636 918 3652 -
959 3613 1128 3683 vexatum.

144 3692 193 3728 om.
205 3673 300 3742 Bria„
316 3678 383 3736 Dtt..
403 3678 488 3736 Virri,
505 3679 599 3751 libem·
615 3706 651 3718 -
686 3682 719 3749 8)
738 3693 785 3734 eut
803 3681 890 3747 Bria,
907 3680 999 3741 Hurd,

33 3805 35 3810 ·
65 3811 68 3816 ·
142 3790 174 3855 x)
192 3786 259 3845 salt.
277 3791 357 3844 XXl.
383 3793 418 3845 tle
442 3792 555 3848 reform.
573 3811 596 3849 c.
615 3799 641 3852 3.
660 3824 696 3833 -
738 3797 905 3864 y)Gregur.
924 3798 1008 3850 Decr.
1028 3798 1061 3851 L.
1081 3801 1129 3852 lll.

145 3867 187 3917 rtt.
206 3867 232 3922 4,
250 3861 329 3916 Sexti
349 3865 429 3917 Deor.
446 3864 477 3916 t.
497 3867 517 3919 l.
536 3872 577 3920 tit.
597 3873 623 3927 6.
644 3882 668 3922 c.
689 3873 733 3930 34.
753 3896 789 3908 ·-
836 3870 864 3931 a)
883 3869 948 3934 vid.
974 3868 1059 3924 coust.
1083 3876 1130 3931 65.
1162 3898 1168 3916 κ

141 3932 186 3986 Pu
207 3935 242 3989 v,
260 3935 400 4007 captanus
416 3941 497 3998 1568.
522 3933 525 3937 ’
838 3936 841 3941 ’
1136 3989 1138 3992 a

666 4118 672 4156 l
