2528 4522
106 261 169 359 {0
218 269 310 367 App.
336 274 363 342 Ι.
390 274 436 341 ad
462 271 599 340 Concil.
625 268 789 339 Trident.
842 269 924 341 Soli.
950 265 1016 338 IV.

111 448 148 516 “et
165 468 283 515 cantoree
299 457 451 523 inceperunt
469 458 573 506 matare
590 451 770 523 antiphonam,
792 451 903 506 Exaudi
919 469 980 507 noe,
1007 451 1132 509 Domine,

122 533 246 605 quoniam
266 527 378 597 benigna
396 525 436 590 est
453 522 632 592 misericordia
650 535 709 580 tuo.
744 528 908 589 Quaerite,
934 524 1058 575 diaconus
1076 527 1132 576 cla-

120 606 214 667 mavit,
241 602 331 653 Orate.
386 599 446 652 Quo
473 597 558 660 dicto,
585 613 674 649 omnes
692 599 799 666 praelati
824 599 951 650 flexerunt
975 611 1081 661 penna,
1105 602 1133 648 et

120 680 235 728 orarunt.
275 668 375 722 Deinde
393 669 561 721 subdiaconus
577 671 711 734 clamavit,
732 669 842 736 Erigite.
881 668 957 720 Tunc
974 667 1133 719 reverendae

78 770 80 779 .
119 749 152 800 de
175 746 282 806 Monte,
309 741 405 809 primus
430 741 586 808 praefidens,
611 741 677 793 dixit
705 742 771 794 hanc
798 741 954 793 orationem
979 736 1132 805 Adsumus,

119 816 231 870 Domine
244 811 340 880 ,sonere
358 810 485 878 Spiritus.
531 814 589 867 Qua
608 813 693 879 finita,
716 812 784 865 idem
803 813 925 864 diaconae
943 808 1009 861 dixit
1026 810 1133 875 iterum,

121 890 218 942 Orator
236 892 263 937 et
280 885 357 951 paulo
375 883 431 950 post
448 880 527 948 olxtt,
545 882 655 950 Eripite.
698 885 797 937 Deinde
814 884 882 937 idern
900 880 1046 951 praelidene
1065 880 1134 934 dixit

118 959 185 1012 hanc
201 958 355 1009 orationem:
381 952 517 1006 Mentibus
532 954 629 1021 nostrie
645 954 823 1026 quaesumue,
838 955 958 1009 Domine,
975 949 1134 1019 aspirando,

118 1040 170 1084 eto.
207 1029 307 1084 tinibus
325 1026 449 1096 peractio,
470 1033 588 1079 cantores
606 1027 756 1094 inceperunt
774 1026 883 1079 litaniae.
919 1023 1032 1077 Etcum
1050 1039 1133 1077 vene-

117 1108 177 1154 runt
201 1100 234 1152 ad
259 1101 330 1151 illurn
357 1098 455 1162 locum,
487 1099 525 1149 Ut
544 1096 666 1148 domnum
678 1097 705 1166 1)
731 1096 922 1168 apostolicum,
949 1094 1132 1164 praefidenter,

99 1173 161 1240 ,qni
180 1171 254 1224 flexio
271 1170 379 1237 genibus
397 1177 484 1234 erant,
510 1169 689 1235 inuenerunt,
717 1178 744 1222 et
761 1169 980 1222 reverendil'limue
992 1166 1132 1219 cardinalia

117 1245 150 1297 da
168 1243 260 1295 Monte
278 1244 373 1309 primur
391 1241 534 1309 praefidens
553 1242 630 1294 vertit
648 1241 722 1293 lead
740 1242 980 1307 congregationem,
999 1239 1065 1290 dene
1083 1239 1133 1290 be-

116 1315 304 1377 nedictionem,
322 1318 350 1364 et
367 1311 447 1365 diuiti
478 1314 516 1364 Ut
534 1312 605 1364 hanc
617 1310 746 1379 sanctam
759 1311 909 1382 synodum,
933 1320 984 1362 etc.
1001 1311 1133 1379 caeterea

116 1386 316 1454 responderunt,
337 1385 373 1434 Te
391 1401 516 1454 rogomue
533 1383 600 1434 oudi
617 1403 674 1435 noe.
720 1385 862 1453 completio
879 1397 941 1435 vero
958 1383 1054 1434 litaniie
1072 1381 1132 1433 dia-

115 1473 196 1511 conus
222 1457 302 1508 dixit:
327 1455 473 1508 Flectarnne
491 1470 590 1520 genua:
618 1462 645 1507 et
664 1454 831 1509 subdiaconus
847 1455 990 1525 respondite
1014 1452 1131 1520 Eripite.

114 1528 215 1582 Deinde
232 1528 301 1580 idem
317 1526 535 1579 reverendillimue
560 1527 703 1595 praefidens
727 1528 793 1580 dixit
816 1525 881 1580 hanc
898 1527 1057 1579 orationem:
1081 1526 1130 1574 Do

114 1595 277 1671 quaesumus
300 1595 425 1662 ecciestoe
448 1607 513 1648 tuoe
544 1596 691 1665 misericors
722 1600 814 1654 Deua,
847 1606 879 1648 ut
902 1596 1007 1666 Spiritu
1027 1594 1129 1663 sancto

113 1669 728 1807 tiltt'tattltttt‘initiali'
745 1667 1130 1810 ttttttttillttt

504 1778 512 1793 ·
722 1779 731 1807 r

112 1812 257 1879 praefidens
281 1812 378 1877 incepit
402 1810 539 1877 hymnum,
566 1811 633 1864 Veni
656 1822 762 1864 creator
784 1813 911 1882 Spiritus.
958 1813 1018 1868 Quo
1043 1812 1129 1876 finito,

112 1882 180 1935 idem
210 1881 429 1935 reverendiffirnue
455 1883 599 1950 praefidens
620 1883 685 1937 dixit
712 1883 776 1937 hanc
794 1885 951 1938 orationem:
976 1885 1054 1934 Deua
1080 1881 1130 1953 qui

32 1949 35 1961 “
114 1952 203 2007 cordo.
258 1953 358 2005 Deinde
385 1953 515 2021 praefatur
540 1954 658 2006 dominus
676 1955 879 2024 archiepiscopus
903 1955 967 2022 legit
983 1954 1128 2019 decretum,

112 2031 140 2076 et
158 2024 277 2091 quaellvit
294 2040 327 2075 ex
354 2025 484 2090 patribus,
509 2032 596 2077 utrum
621 2027 684 2078 haec
709 2029 847 2094 placerent.
901 2027 954 2082 Qui
972 2039 1063 2078 omnen
1083 2040 1128 2078 re·

112 2095 284 2164 [ponderante
300 2095 407 2161 Placet,
426 2111 485 2149 cum
502 2097 628 2162 aliquibus
646 2097 827 2153 additionibus.
862 2098 1012 2159 Postremo,
1039 2104 1127 2149 utrum

110 2168 240 2235 placeret,
260 2166 330 2233 quod
348 2167 428 2233 prima
442 2167 527 2218 intera
541 2168 609 2219 sellio
624 2169 798 2222 celebraretur
811 2169 854 2223 die
867 2170 941 2222 Jovie
958 2169 1013 2238 polt
1038 2168 1127 2222 reem

111 2239 278 2307 pentecostes.
315 2239 368 2293 in
384 2238 583 2306 responderunt:
601 2240 700 2293 Placet.

84 2352 86 2357 ,
182 2311 242 2364 Quo
257 2308 357 2376 qnldem
377 2309 502 2374 decreto,
518 2317 547 2362 nt
564 2312 753 2378 praemittitur,
778 2311 860 2378 lecto,
888 2312 1019 2379 postquam
1038 2317 1126 2378 patrae

110 2381 137 2432 in
164 2381 273 2433 concilio
306 2381 452 2447 praesenter
479 2381 677 2448 responderunt,
714 2383 821 2447 Placet,
856 2383 973 2435 dominae
1008 2384 1125 2448 Angelus

111 2450 289 2514 Mall'arellue,
308 2451 384 2518 ipflne
402 2452 504 2503 concilii
520 2453 679 2517 secretarius,
698 2453 762 2519 legit
780 2453 972 2521 deputationenr
991 2461 1123 2506 oratorum

111 2521 251 2572 Caesareae
280 2527 308 2571 et
325 2519 467 2574 catholicae
493 2522 646 2589 majestatie,
674 2525 700 2577 ln
728 2524 859 2592 personam
878 2526 1008 2577 illnltrinnr
1027 2525 1125 2577 domini

110 2591 202 2647 Didaci
227 2592 260 2642 de
276 2591 424 2657 Mendoze,
450 2597 477 2643 et
500 2591 594 2646 domini
619 2595 746 2648 Francilcl
773 2597 902 2649 aToleto
925 2597 956 2648 ad
987 2598 1123 2648 concilium

110 2661 307 2726 Tridentium,
337 2662 370 2713 ad
396 2661 541 2716 iaciendum
567 2680 614 2731 ea,
638 2681 706 2733 qnae
725 2667 849 2722 coelem
874 2668 992 2736 majesta
1016 2668 1123 2733 iaceret,

85 2733 126 2791 ,fi
145 2733 263 2800 praesent
281 2733 352 2788 eliel.

274 2909 463 2979 Decretum
482 2912 526 2980 de
550 2918 726 2986 cononicie
744 2921 944 3011 scripturis.

399 3018 448 3086 (V.
465 3017 547 3090 supra
566 3023 600 3077 T·
618 3024 641 3079 Ι.
657 3040 684 3093 Ρ·
704 3033 739 3089 13
757 3024 826 3098 iqq'.)

107 3131 296 3203 Decretum
326 3137 368 3205 de
391 3140 560 3221 editione,
588 3157 622 3212 et
642 3147 710 3234 usu
736 3153 914 3233 locrorum
942 3121 1122 3223 librorum.

500 3247 728 3323 ffinffiffll

260 3402 263 3407 >
366 3362 520 3433 [ardictio
537 3344 686 3456 secturae
703 3373 866 3466 seffionie.
889 3333 897 3341 Ι

166 3472 250 3539 Item
273 3479 350 3542 haec
370 3485 559 3550 sacrosancte
587 3491 728 3571 synodue
758 3494 881 3575 statuit,
910 3507 943 3558 et
976 3497 1120 3563 deceruit

105 3563 289 3644 proximem
320 3562 459 3632 iuturar‘n
490 3574 656 3640 lelfionern
680 3579 869 3658 tenendam,
899 3594 930 3645 el
951 3584 1118 3650 celebretur

105 3646 178 3708 darn
199 3648 262 3710 effe
287 3645 367 3712 seria
390 3657 500 3739 quinta
523 3660 976 3745 postiac1·alisli1nnmfcstum
998 3674 1119 3759 proxi·

104 3751 191 3795 muln
214 3739 417 3818 pentecostes.
462 3804 464 3811 ,

109 3869 544 3892 *pm

139 3939 166 3997 1)
188 3943 273 4000 ilerd.
292 3945 454 3999 dominum.¹
485 3986 490 3993 -

14 4022 137 4260 ἱ
