2528 4522
154 277 227 347 Acti
510 276 616 373 Index
635 245 829 345 Liternina.

227 452 382 504 Dumnacus.
1005 484 1008 489 -

228 524 317 576 Sancti
336 521 408 573 Petri
426 521 576 574 Damiani
593 523 622 575 S.
641 523 677 576 R.
694 521 728 574 E·
745 521 890 575 cardinalia
907 514 1042 591 Episcopi
1060 521 1179 576 Ostiensis

156 593 254 647 ordinis
277 595 305 645 S.
334 594 483 654 Benedicti,
516 595 759 661 eCougregalioue
777 595 1066 659 Fontis-Avellanae,
1094 596 1178 663 Opera

155 667 240 719 omnia
258 680 325 716 nuno
341 668 453 731 'primum
472 666 496 715 in
524 681 601 718 uuum
628 669 738 718 collecte
765 683 796 717 ae
815 666 987 731 Argumentis
1006 673 1037 718 et
1057 666 1178 718 Notalio·

155 740 229 790 nibna
247 737 368 787 illustrate
387 736 466 787 sinidio
490 752 520 789 ac
547 739 634 789 labore
654 738 745 789 Domui
764 736 987 788 constantini
1008 738 1178 802 cajetani

156 808 329 874 Syracusani,
348 816 350 821 '
366 809 474 860 Abbatia
503 809 594 861 Sancti
621 810 741 860 Butuntis
769 808 989 874 congregatiouir
1023 809 1177 862 calinensis.

154 878 285 944 Parisiis,
303 884 382 938 17l3.
427 881 594 946 Superiorum
621 881 754 934 facultate.
799 879 918 931 Prostant
938 876 1081 945 Vedetiis,
1111 882 1176 946 apud

154 949 293 1016 loseplmm
313 950 461 1002 Corona'iu
482 951 529 1004 Via
545 952 718 1014 mercatoria,
746 949 793 1002 sub
812 952 896 1018 Signo
914 952 1044 1005 Praemi.
1101 953 1176 1005 Tomi

155 1021 200 1075 lv.
219 1022 281 1085 iuli
302 1023 367 1076 voti.
387 1023 433 1074 soi.

266 1092 299 1146 T.
319 1092 359 1147 ll:
375 1098 520 1147 Scrnwnec.
889 1134 892 1138 Δ

224 1163 426 1216 Dacnunmrnn
444 1165 524 1215 ΙΛΒιι
543 1164 593 1218 rid.
612 1164 746 1234 (lorpnr
761 1162 853 1232 juria
874 1165 1063 1219 canonici.

225 1237 376 1288 Dronrsru'u
396 1242 537 1290 Anconae.
896 1245 903 1262 ⁸

227 1309 315 1359 Sancti
336 1310 492 1372 Dionysii
514 1309 686 1375 Areopagitae
707 1307 794 1374 Opera
812 1307 897 1359 omnia
921 1321 990 1372 quae
1011 1314 1122 1372 extant,
1149 1315 1175 1362 et

156 1381 330 1432 commenlnrii
356 1380 448 1445 qrnibur
475 1380 645 1439 illustrantur,
675 1378 752 1431 Tom.
770 1379 790 1435 l.
814 1379 839 1429 in
858 1394 909 1444 quo
927 1379 1068 1431 universus
1085 1383 1174 1432 Sancti

87 1462 89 1466 '
154 1459 250 1510 textus,
268 1459 295 1509 et
314 1453 422 1515 Georgii
440 1450 613 1515 Pacbymerue
632 1449 795 1516 Paruplrrasra
814 1452 916 1522 Graece
935 1450 1096 1517 etbatine,
1116 1470 1171 1504 cum

154 1524 369 1576 Adnotatiouibua
388 1522 543 1573 Baltlrasaria
562 1522 680 1573 corderii
698 1524 727 1573 iu·
742 1520 839 1588 singulo
859 1521 960 1588 capita,
994 1525 1173 1583 eontinentur·
1219 1539 1222 1546 ·

155 1595 260 1646 Studio
277 1600 304 1645 et
331 1609 409 1660 opere
438 1593 552 1657 ejusdem
576 1590 799 1645 Bultbasarie
823 1592 1001 1652 corderii.
1031 1596 1172 1647 Societntir

154 1665 217 1723 Jelo
237 1665 360 1716 [loctorir
377 1663 514 1728 Tlreologi.
534 1664 623 1726 lTom.
642 1663 676 1717 ll.
696 1664 722 1716 in
740 1680 792 1729 quo
809 1665 843 1716 8.·
857 1663 1103 1728 Maximi=Sclnoliu‚
1122 1668 1173 1720 Pa-

155 1735 291 1799 cbymerae
310 1733 474 1800 Parapirrasia
493 1736 517 1784 iu
538 1734 672 1802 Epistulae,
689 1743 717 1786 ct
735 1741 860 1787 Auctorea
879 1735 956 1796 varii,
985 1736 1031 1800 qui
1059 1746 1107 1789 out
1128 1738 1171 1790 Vi·

77 1858 81 1863 ,
155 1814 208 1861 tan
231 1807 259 1858 S.
280 1807 394 1870 Dionysii
423 1804 627 1872 descripserunt,
657 1814 701 1858 aut
726 1806 759 1858 de
786 1807 1028 1873 Areopagiticorum
1055 1809 1170 1876 Operum

155 1882 284 1940 Auctore,
304 1875 411 1942 ejusque
430 1875 590 1928 Orthodoain
609 1877 793 1942 disseruerunt,
819 1879 987 1933 continentur.
1036 1880 1127 1948 Opera
1146 1888 1171 1933 et

154 1948 341 2001 itudioPetri
362 1946 533 2004 Lartiselii
553 1957 579 1999 et
599 1947 823 2015 balthasaris
843 1949 1013 2011 corderii,
1033 1950 1171 2005 sociatu

153 2019 390 2086 Presbyterurum).
427 2018 515 2071 Editio
535 2021 589 2087 poll
608 2016 815 2087 Autverpieusem
842 2028 869 2072 et
888 2018 1061 2075 Parisrensem
1090 2025 1170 2090 prima

153 2093 262 2155 Veneta,
290 2088 436 2155 emendis,
455 2107 521 2157 quae
543 2093 567 2142 in
587 2091 770 2158 praecedentes
789 2086 962 2159 irrepserant,
980 2096 1170 2147 accuratissime

153 2172 302 2232 repurgata,
321 2180 350 2214 nc
370 2163 547 2215 Dissertatioue
566 2162 690 2227 Praevia,
710 2164 872 2215 Variantibus
891 2164 1061 2217 Lectionibus
1078 2183 1113 2218 ex
1132 2170 1171 2218 iu·

154 2237 215 2298 ilprn
236 2235 412 2286 Bibliothecae
439 2236 468 2287 S.
490 2235 569 2286 Murci
589 2235 686 2286 Codice
705 2222 875 2302 depr'omptin,
903 2236 1013 2300 aliisque
1032 2237 1170 2291 Accessio-

153 2308 229 2358 nibua
257 2314 331 2356 aucta
351 2313 376 2355 et
397 2307 562 2373 locuplctnta.
586 2306 711 2357 Veneriis.
748 2307 1044 2373 'sp-pianntoniizaua.
1081 2312 1170 2378 Supe-

153 2379 248 2428 riurum
268 2379 395 2444 pcrrnilsu,
419 2386 446 2428 et
465 2377 641 2429 Excellentilr.
660 2379 771 2429 Senatus
798 2379 939 2445 priuilegio.
987 2378 1021 2435 Τ.
1041 2376 1064 2433 Ι.
1089 2386 1169 2434 1155.

152 2449 186 2500 T.
206 2449 238 2499 ll.
260 2453 336 2498 1756.
357 2448 400 2498 sol.

152 2521 194 2569 De
214 2518 319 2582 caelesti
336 2516 495 2570 hierarchia.
680 2517 723 2568 De
742 2508 839 2570 divinis
856 2517 1013 2573 nominibus.

151 2587 388 2657 ,De'ecrlefiasl'ica
407 2585 566 2641 hierarchia.
628 2594 632 2601 '
680 2588 825 2655 Epistulae.

223 2660 372 2709 Duannsnu
391 2656 441 2710 rid.
461 2658 727 2711 Glossarium-
746 2661 866 2713 Dunano
883 2660 933 2713 vid.
948 2660 1169 2722 Murteae.-

222 2730 381 2781 Dunnnnus.

220 2801 514 2853 Rationaledivinornm
532 2800 686 2865 ostiolorum,
708 2817 722 2851 a
740 2801 774 2854 R.
790 2803 1015 2856 D.Gulielmo
1037 2807 1169 2860 Duran-

151 2873 193 2927 do
213 2874 352 2925 Mimutensr
372 2873 517 2940 Episcopo,
546 2874 571 2926 J.
592 2874 624 2926 U.
647 2873 676 2923 D.
693 2871 834 2924 'clarisfinc
859 2877 1057 2929 concinnatume
1090 2888 1169 2947 atque

150 2962 218 2999 nurrc
237 2961 326 2997 recens
352 2946 489 2997 utilissimis
508 2945 720 2996 Aunolationibue
749 2945 907 2998 illulirutum.
954 2949 1093 3013 Adiectum
1121 2953 1170 3003 suit

150 3025 286 3085 praetcrea
314 3018 383 3068 aliud
402 3018 557 3068 Divinorum'
575 3017 717 3066 ciliciorum
737 3015 873 3068 Rationale
893 3019 925 3068 ab
944 3019 1046 3072 Joarme
1065 3022 1168 3075 Bele-

78 3121 86 3135 .
150 3089 206 3142 tbo
225 3089 360 3153 Tbeologu
375 3088 526 3151 Parmensi,
545 3088 577 3138 ab
597 3087 654 3138 irinc
673 3087 727 3138 scre
745 3089 939 3154 qrradringentic
957 3093 1030 3141 annia
1049 3091 1168 3146 couscri-

151 3169 240 3228 ptum,
259 3177 373 3212 acauno
393 3161 494 3211 demum
512 3162 536 3210 in
556 3161 637 3210 iucem
655 3154 759 3211 editum.
796 3161 860 3211 cnm
880 3160 993 3227 duplici.
1019 3178 1074 3215 uuo
1093 3168 1168 3235 prio-

149 3232 193 3295 ris,
212 3234 293 3301 altero
312 3232 455 3299 posterioris
472 3231 615 3283 Rutiouolla
633 3230 721 3282 Indice
748 3232 953 3299 locupletissimo.
991 3233 1067 3287 Haec
1087 3238 1169 3288 editio

149 3304 266 3354 nrnrrltia
284 3304 413 3355 erroribus
440 3305 577 3369 diligenter
602 3308 726 3355 correcta.
772 3302 919 3372 Lugduni,
950 3305 1018 3372 apud
1039 3305 1169 3360 iraereden

150 3375 272 3425 Gulielmi
291 3375 412 3438 Ruricii,
431 3374 571 3444 sumptibus
590 3371 662 3425 Petri
680 3374 822 3427 Rculselet.
844 3378 923 3429 1612.
941 3380 967 3429 8.
1015 3378 1097 3433 Tomi
1115 3382 1170 3435 duo

147 3448 173 3499 iu
195 3460 246 3496 unu
263 3445 408 3502 Volumiue.
590 3455 593 3461 ’

195 3543 198 3552 ·
219 3516 382 3570 Enunrnnus.
605 3565 609 3574 ,

220 3587 379 3638 Eadmeri
406 3588 522 3640 monachi
548 3583 738 3640 cantuariensis
763 3585 865 3651 Opera,
890 3588 959 3655 typis
982 3589 1117 3661 exscripta
1142 3596 1169 3648 in

150 3661 266 3714 editione
285 3675 391 3725 operum
413 3663 458 3711 Au
468 3660 567 3711 selmi
589 3659 662 3724 supra
682 3657 791 3709 laudata,

219 3728 299 3781 Liber
318 3730 348 3778 de
366 3729 531 3780 beatitudine
550 3729 667 3795 coelestis
681 3728 799 3796 patriae.
833 3744 843 3759 ⁶
894 3766 897 3773 .

217 3801 298 3852 Liber
318 3798 349 3849 de
363 3799 456 3868 suncti
474 3801 597 3870 Anselini
609 3797 843 3865 stmilitrrdinibur.

219 3874 343 3925 Emcrns.
545 3870 550 3876 ’

220 3947 248 3998 S.
268 3945 377 4010 Eligii
396 3943 570 3998 Noviomensrs
582 3941 705 4010 Episcopi
722 3941 847 3995 homiliae
860 3945 942 4002 XVI.
955 3947 981 4000 iu
990 3947 1167 4005 Bibliotheca
1249 3996 1251 4000 .

149 4016 219 4069 Patr.
238 4019 353 4069 Maxima
370 4016 402 4069 T.
421 4018 481 4071 ΧΗ.
498 4035 524 4087 p.
543 4018 655 4084 300qu.
