<?xml version="1.0" encoding="UTF-8"?>
<!DOCTYPE html PUBLIC "-//W3C//DTD XHTML 1.0 Transitional//EN"
    "http://www.w3.org/TR/xhtml1/DTD/xhtml1-transitional.dtd">
<html xmlns="http://www.w3.org/1999/xhtml" xml:lang="en" lang="en">
 <head>
  <title>
</title>
<meta http-equiv="Content-Type" content="text/html;charset=utf-8" />
  <meta name='ocr-system' content='tesseract 3.04.00' />
  <meta name='ocr-capabilities' content='ocr_page ocr_carea ocr_par ocr_line ocrx_word'/>
</head>
<body>
  <div class='ocr_page' id='page_1' title='image "./librisymbolicie00stregoog/librisymbolicie00stregoog_0227.png"; bbox 0 0 2528 4522; ppageno 0'>
   <div class='ocr_carea' id='block_1_1' title="bbox 119 178 1158 337">
    <p class='ocr_par' dir='ltr' id='par_1_1' title="bbox 119 178 1158 337">
     <span class='ocr_line' id='line_1_1' title="bbox 119 178 1158 337; baseline -0.019 -14"><span class='ocrx_word' id='word_1_1' title='bbox 119 178 195 323; x_wconf 71' lang='lat' dir='ltr'><strong>itti</strong></span> <span class='ocrx_word' id='word_1_2' title='bbox 276 235 420 337; x_wconf 60' lang='lat' dir='ltr'><strong>Appzi</strong></span> <span class='ocrx_word' id='word_1_3' title='bbox 442 234 653 311; x_wconf 65' lang='lat' dir='ltr'><strong>admonui</strong></span> <span class='ocrx_word' id='word_1_4' title='bbox 674 233 841 307; x_wconf 83' lang='lat' dir='ltr'><strong>Trideut.</strong></span> <span class='ocrx_word' id='word_1_5' title='bbox 903 233 988 304; x_wconf 78' lang='lat' dir='ltr'><strong>sets.</strong></span> <span class='ocrx_word' id='word_1_6' title='bbox 1015 229 1158 304; x_wconf 84' lang='lat' dir='ltr'>XXV.</span> 
     </span>
    </p>
   </div>
   <div class='ocr_carea' id='block_1_2' title="bbox 122 414 1135 1016">
    <p class='ocr_par' dir='ltr' id='par_1_2' title="bbox 122 414 1135 1016">
     <span class='ocr_line' id='line_1_2' title="bbox 122 414 1134 508; baseline -0.007 -23"><span class='ocrx_word' id='word_1_7' title='bbox 122 419 219 485; x_wconf 83' lang='lat' dir='ltr'><strong>il&#39;nni·</strong></span> <span class='ocrx_word' id='word_1_8' title='bbox 233 420 320 485; x_wconf 78' lang='lat' dir='ltr'><strong>orbiu</strong></span> <span class='ocrx_word' id='word_1_9' title='bbox 340 417 690 508; x_wconf 72' lang='grc' dir='ltr'><strong>ριιινίιοὶῖιιιιιοιιιῑί,ι</strong></span> <span class='ocrx_word' id='word_1_10' title='bbox 717 419 783 483; x_wconf 89' lang='lat' dir='ltr'><strong>fine</strong></span> <span class='ocrx_word' id='word_1_11' title='bbox 809 439 919 498; x_wconf 76' lang='lat' dir='ltr'><strong>magne</strong></span> <span class='ocrx_word' id='word_1_12' title='bbox 947 416 1055 499; x_wconf 77' lang='lat' dir='ltr'><strong>gregis</strong></span> <span class='ocrx_word' id='word_1_13' title='bbox 1074 414 1134 479; x_wconf 86' lang='lat' dir='ltr'><strong>fibi</strong></span> 
     </span>
     <span class='ocr_line' id='line_1_3' title="bbox 123 498 1134 597; baseline -0.006 -27"><span class='ocrx_word' id='word_1_14' title='bbox 123 498 279 571; x_wconf 79' lang='lat' dir='ltr'><strong>corutuiili</strong></span> <span class='ocrx_word' id='word_1_15' title='bbox 304 504 446 597; x_wconf 74' lang='lat' dir='ltr'><strong>jactura,</strong></span> <span class='ocrx_word' id='word_1_16' title='bbox 479 519 517 575; x_wconf 79' lang='lat' dir='ltr'><strong>et</strong></span> <span class='ocrx_word' id='word_1_17' title='bbox 542 504 718 568; x_wconf 83' lang='lat' dir='ltr'><strong>unirerluli</strong></span> <span class='ocrx_word' id='word_1_18' title='bbox 746 503 891 591; x_wconf 91' lang='lat' dir='ltr'><strong>periculo</strong></span> <span class='ocrx_word' id='word_1_19' title='bbox 921 506 961 567; x_wconf 83' lang='lat' dir='ltr'><strong>eb</strong></span> <span class='ocrx_word' id='word_1_20' title='bbox 993 503 1134 565; x_wconf 80' lang='lat' dir='ltr'><strong>eccleliie</strong></span> 
     </span>
     <span class='ocr_line' id='line_1_4' title="bbox 123 588 1135 676; baseline -0.005 -22"><span class='ocrx_word' id='word_1_21' title='bbox 123 592 226 655; x_wconf 81' lang='lat' dir='ltr'><strong>ebelle</strong></span> <span class='ocrx_word' id='word_1_22' title='bbox 254 614 321 655; x_wconf 83' lang='lat' dir='ltr'><strong>non</strong></span> <span class='ocrx_word' id='word_1_23' title='bbox 354 590 493 676; x_wconf 58' lang='lat' dir='ltr'><strong>pollion</strong></span> <span class='ocrx_word' id='word_1_24' title='bbox 524 611 583 667; x_wconf 80' lang='lat' dir='ltr'><strong>neo</strong></span> <span class='ocrx_word' id='word_1_25' title='bbox 616 590 682 652; x_wconf 86' lang='lat' dir='ltr'><strong>ullu</strong></span> <span class='ocrx_word' id='word_1_26' title='bbox 710 593 782 675; x_wconf 82' lang='lat' dir='ltr'><strong>lpee</strong></span> <span class='ocrx_word' id='word_1_27' title='bbox 804 590 913 665; x_wconf 84' lang='lat' dir='ltr'><strong>reliet,</strong></span> <span class='ocrx_word' id='word_1_28' title='bbox 943 588 1135 659; x_wconf 77' lang='lat' dir='ltr'><strong>haereticos,</strong></span> 
     </span>
     <span class='ocr_line' id='line_1_5' title="bbox 125 672 1134 762; baseline -0.006 -23"><span class='ocrx_word' id='word_1_29' title='bbox 125 678 223 739; x_wconf 80' lang='lat' dir='ltr'><strong>toties</strong></span> <span class='ocrx_word' id='word_1_30' title='bbox 233 718 250 753; x_wconf 93' lang='lat'><strong>,.</strong></span> <span class='ocrx_word' id='word_1_31' title='bbox 263 674 291 755; x_wconf 74' lang='grc' dir='ltr'><strong>ί)</strong></span> <span class='ocrx_word' id='word_1_32' title='bbox 302 676 366 739; x_wconf 88' lang='lat' dir='ltr'><strong>lide</strong></span> <span class='ocrx_word' id='word_1_33' title='bbox 386 675 485 739; x_wconf 82' lang='lat' dir='ltr'><strong>etiem</strong></span> <span class='ocrx_word' id='word_1_34' title='bbox 506 675 649 759; x_wconf 86' lang='lat' dir='ltr'><strong>publice,</strong></span> <span class='ocrx_word' id='word_1_35' title='bbox 671 696 766 762; x_wconf 87' lang='lat' dir='ltr'><strong>quem</strong></span> <span class='ocrx_word' id='word_1_36' title='bbox 786 673 1012 748; x_wconf 88' lang='lat' dir='ltr'><strong>defidererunt,</strong></span> <span class='ocrx_word' id='word_1_37' title='bbox 1042 672 1134 734; x_wconf 86' lang='lat' dir='ltr'><strong>invi·</strong></span> 
     </span>
     <span class='ocr_line' id='line_1_6' title="bbox 123 759 1134 845; baseline -0.006 -21"><span class='ocrx_word' id='word_1_38' title='bbox 123 772 229 838; x_wconf 83' lang='lat' dir='ltr'><strong>tetoe,</strong></span> <span class='ocrx_word' id='word_1_39' title='bbox 262 772 294 823; x_wconf 93' lang='lat' dir='ltr'><strong>et</strong></span> <span class='ocrx_word' id='word_1_40' title='bbox 323 759 443 825; x_wconf 81' lang='lat' dir='ltr'><strong>umdiu</strong></span> <span class='ocrx_word' id='word_1_41' title='bbox 463 764 684 845; x_wconf 82' lang='lat' dir='ltr'><strong>exspectatos,</strong></span> <span class='ocrx_word' id='word_1_42' title='bbox 722 761 784 822; x_wconf 91' lang='lat' dir='ltr'><strong>huc</strong></span> <span class='ocrx_word' id='word_1_43' title='bbox 803 760 943 845; x_wconf 75' lang='lat' dir='ltr'><strong>emplius</strong></span> <span class='ocrx_word' id='word_1_44' title='bbox 974 759 1134 820; x_wconf 84' lang='lat' dir='ltr'><strong>adventu·</strong></span> 
     </span>
     <span class='ocr_line' id='line_1_7' title="bbox 123 843 1134 932; baseline -0.005 -23"><span class='ocrx_word' id='word_1_45' title='bbox 123 864 200 917; x_wconf 71' lang='lat' dir='ltr'><strong>rost</strong></span> <span class='ocrx_word' id='word_1_46' title='bbox 229 844 368 932; x_wconf 82' lang='lat' dir='ltr'><strong>ideoque</strong></span> <span class='ocrx_word' id='word_1_47' title='bbox 399 844 528 909; x_wconf 78' lang='lat' dir='ltr'><strong>tendum</strong></span> <span class='ocrx_word' id='word_1_48' title='bbox 558 845 633 907; x_wconf 86' lang='lat' dir='ltr'><strong>huic</strong></span> <span class='ocrx_word' id='word_1_49' title='bbox 660 848 747 907; x_wconf 82' lang='lat' dir='ltr'><strong>lucro</strong></span> <span class='ocrx_word' id='word_1_50' title='bbox 776 845 915 908; x_wconf 88' lang='lat' dir='ltr'><strong>concilio</strong></span> <span class='ocrx_word' id='word_1_51' title='bbox 943 843 1042 905; x_wconf 89' lang='lat' dir='ltr'><strong>finem</strong></span> <span class='ocrx_word' id='word_1_52' title='bbox 1069 844 1134 904; x_wconf 91' lang='lat' dir='ltr'><strong>im·</strong></span> 
     </span>
     <span class='ocr_line' id='line_1_8' title="bbox 123 924 1135 1016; baseline -0.003 -23"><span class='ocrx_word' id='word_1_53' title='bbox 123 950 245 1016; x_wconf 85' lang='lat' dir='ltr'><strong>ponere</strong></span> <span class='ocrx_word' id='word_1_54' title='bbox 257 929 378 994; x_wconf 77' lang='lat' dir='ltr'><strong>neceffe</strong></span> <span class='ocrx_word' id='word_1_55' title='bbox 389 930 444 993; x_wconf 82' lang='lat' dir='ltr'><strong>fit:</strong></span> <span class='ocrx_word' id='word_1_56' title='bbox 467 929 714 1016; x_wconf 70' lang='lat' dir='ltr'><strong>ruperettuunc,</strong></span> <span class='ocrx_word' id='word_1_57' title='bbox 732 924 766 1015; x_wconf 60' lang='lat' dir='ltr'><strong>¹t)</strong></span> <span class='ocrx_word' id='word_1_58' title='bbox 780 939 814 992; x_wconf 89' lang='lat' dir='ltr'><strong>ut</strong></span> <span class='ocrx_word' id='word_1_59' title='bbox 832 929 998 1015; x_wconf 81' lang='lat' dir='ltr'>principes</span> <span class='ocrx_word' id='word_1_60' title='bbox 1010 941 1135 1003; x_wconf 77' lang='lat' dir='ltr'><strong>omnet,</strong></span> 
     </span>
    </p>
   </div>
   <div class='ocr_carea' id='block_1_3' title="bbox 16 1011 1134 1101">
    <p class='ocr_par' dir='ltr' id='par_1_3' title="bbox 16 1011 1134 1101">
     <span class='ocr_line' id='line_1_9' title="bbox 16 1011 1134 1101; baseline -0.004 -23"><span class='ocrx_word' id='word_1_61' title='bbox 16 1082 23 1098; x_wconf 37' lang='lat' dir='ltr'>f</span> <span class='ocrx_word' id='word_1_62' title='bbox 124 1013 210 1101; x_wconf 85' lang='lat' dir='ltr'><strong>quod</strong></span> <span class='ocrx_word' id='word_1_63' title='bbox 232 1012 330 1094; x_wconf 84' lang='lat' dir='ltr'><strong>fecit,</strong></span> <span class='ocrx_word' id='word_1_64' title='bbox 360 1015 398 1079; x_wconf 94' lang='lat' dir='ltr'><strong>in</strong></span> <span class='ocrx_word' id='word_1_65' title='bbox 418 1013 561 1078; x_wconf 83' lang='lat' dir='ltr'><strong>Dumind</strong></span> <span class='ocrx_word' id='word_1_66' title='bbox 590 1025 739 1091; x_wconf 87' lang='lat' dir='ltr'><strong>moneet,</strong></span> <span class='ocrx_word' id='word_1_67' title='bbox 770 1012 810 1076; x_wconf 81' lang='lat' dir='ltr'><strong>ed</strong></span> <span class='ocrx_word' id='word_1_68' title='bbox 832 1034 962 1099; x_wconf 84' lang='lat' dir='ltr'><strong>operam</strong></span> <span class='ocrx_word' id='word_1_69' title='bbox 982 1011 1067 1075; x_wconf 81' lang='lat' dir='ltr'><strong>suam</strong></span> <span class='ocrx_word' id='word_1_70' title='bbox 1090 1013 1134 1074; x_wconf 89' lang='lat' dir='ltr'><strong>ite</strong></span> 
     </span>
    </p>
   </div>
   <div class='ocr_carea' id='block_1_4' title="bbox 123 1097 1167 2355">
    <p class='ocr_par' dir='ltr' id='par_1_4' title="bbox 123 1097 1167 2355">
     <span class='ocr_line' id='line_1_10' title="bbox 149 1097 1167 1187; baseline -0.002 -25"><span class='ocrx_word' id='word_1_71' title='bbox 149 1098 356 1177; x_wconf 74' lang='lat' dir='ltr'><strong>caedendum,</strong></span> <span class='ocrx_word' id='word_1_72' title='bbox 378 1109 415 1163; x_wconf 86' lang='lat' dir='ltr'><strong>ut</strong></span> <span class='ocrx_word' id='word_1_73' title='bbox 434 1120 515 1187; x_wconf 85' lang='lat' dir='ltr'><strong>quee</strong></span> <span class='ocrx_word' id='word_1_74' title='bbox 533 1102 573 1162; x_wconf 88' lang='lat' dir='ltr'><strong>eb</strong></span> <span class='ocrx_word' id='word_1_75' title='bbox 593 1118 629 1163; x_wconf 79' lang='lat' dir='ltr'><strong>ee</strong></span> <span class='ocrx_word' id='word_1_76' title='bbox 648 1099 773 1161; x_wconf 74' lang='lat' dir='ltr'><strong>decreta</strong></span> <span class='ocrx_word' id='word_1_77' title='bbox 796 1103 879 1175; x_wconf 83' lang='lat' dir='ltr'><strong>lunt,</strong></span> <span class='ocrx_word' id='word_1_78' title='bbox 900 1100 938 1160; x_wconf 89' lang='lat' dir='ltr'><strong>eb</strong></span> <span class='ocrx_word' id='word_1_79' title='bbox 960 1097 1134 1160; x_wconf 67' lang='lat' dir='ltr'><strong>haereticis</strong></span> <span class='ocrx_word' id='word_1_80' title='bbox 1162 1178 1167 1185; x_wconf 13' lang='grc' dir='ltr'>ἧ</span> 
     </span>
     <span class='ocr_line' id='line_1_11' title="bbox 123 1121 1137 1270; baseline -0.002 -22"><span class='ocrx_word' id='word_1_81' title='bbox 123 1121 315 1270; x_wconf 78' lang='lat' dir='ltr'><strong>depravari,</strong></span> <span class='ocrx_word' id='word_1_82' title='bbox 334 1197 390 1249; x_wconf 83' lang='lat' dir='ltr'><strong>eut</strong></span> <span class='ocrx_word' id='word_1_83' title='bbox 410 1185 530 1249; x_wconf 77' lang='lat' dir='ltr'><strong>violari</strong></span> <span class='ocrx_word' id='word_1_84' title='bbox 551 1206 615 1249; x_wconf 91' lang='lat' dir='ltr'><strong>non</strong></span> <span class='ocrx_word' id='word_1_85' title='bbox 638 1184 843 1270; x_wconf 66' lang='lat' dir='ltr'><strong>permittent,</strong></span> <span class='ocrx_word' id='word_1_86' title='bbox 874 1182 926 1247; x_wconf 87' lang='lat' dir='ltr'><strong>led</strong></span> <span class='ocrx_word' id='word_1_87' title='bbox 949 1184 988 1244; x_wconf 86' lang='lat' dir='ltr'><strong>eb</strong></span> <span class='ocrx_word' id='word_1_88' title='bbox 1009 1183 1084 1258; x_wconf 83' lang='lat' dir='ltr'><strong>hie,</strong></span> <span class='ocrx_word' id='word_1_89' title='bbox 1104 1194 1137 1246; x_wconf 82' lang='lat' dir='ltr'><strong>et</strong></span> 
     </span>
     <span class='ocr_line' id='line_1_12' title="bbox 124 1267 1136 1355; baseline -0.001 -24"><span class='ocrx_word' id='word_1_90' title='bbox 124 1271 276 1333; x_wconf 83' lang='lat' dir='ltr'><strong>omnibus</strong></span> <span class='ocrx_word' id='word_1_91' title='bbox 305 1271 423 1334; x_wconf 86' lang='lat' dir='ltr'><strong>devote</strong></span> <span class='ocrx_word' id='word_1_92' title='bbox 451 1271 666 1355; x_wconf 70' lang='lat' dir='ltr'>recipiantur,</span> <span class='ocrx_word' id='word_1_93' title='bbox 699 1281 731 1332; x_wconf 90' lang='lat' dir='ltr'><strong>et</strong></span> <span class='ocrx_word' id='word_1_94' title='bbox 751 1267 893 1333; x_wconf 89' lang='lat' dir='ltr'><strong>fideliter</strong></span> <span class='ocrx_word' id='word_1_95' title='bbox 914 1268 1136 1331; x_wconf 81' lang='lat' dir='ltr'><strong>observentur.</strong></span> 
     </span>
     <span class='ocr_line' id='line_1_13' title="bbox 123 1349 1135 1440; baseline -0.002 -24"><span class='ocrx_word' id='word_1_96' title='bbox 123 1349 223 1437; x_wconf 89' lang='lat' dir='ltr'><strong>Quod</strong></span> <span class='ocrx_word' id='word_1_97' title='bbox 245 1357 268 1418; x_wconf 91' lang='lat' dir='ltr'><strong>li</strong></span> <span class='ocrx_word' id='word_1_98' title='bbox 295 1356 331 1419; x_wconf 93' lang='lat' dir='ltr'><strong>in</strong></span> <span class='ocrx_word' id='word_1_99' title='bbox 357 1355 413 1418; x_wconf 82' lang='lat' dir='ltr'><strong>hie</strong></span> <span class='ocrx_word' id='word_1_100' title='bbox 435 1353 629 1440; x_wconf 76' lang='lat' dir='ltr'><strong>recipiendis</strong></span> <span class='ocrx_word' id='word_1_101' title='bbox 657 1355 703 1417; x_wconf 87' lang='lat' dir='ltr'><strong>eli</strong></span> <span class='ocrx_word' id='word_1_102' title='bbox 727 1376 765 1416; x_wconf 87' lang='lat' dir='ltr'><strong>ue</strong></span> <span class='ocrx_word' id='word_1_103' title='bbox 792 1352 962 1416; x_wconf 79' lang='lat' dir='ltr'><strong>difficultas</strong></span> <span class='ocrx_word' id='word_1_104' title='bbox 993 1353 1135 1427; x_wconf 65' lang='lat' dir='ltr'><strong>arietum</strong></span> 
     </span>
     <span class='ocr_line' id='line_1_14' title="bbox 123 1377 1135 1529; baseline -0.002 -27"><span class='ocrx_word' id='word_1_105' title='bbox 123 1449 179 1503; x_wconf 81' lang='lat' dir='ltr'><strong>eut</strong></span> <span class='ocrx_word' id='word_1_106' title='bbox 201 1440 305 1529; x_wconf 82' lang='lat' dir='ltr'><strong>eliqua</strong></span> <span class='ocrx_word' id='word_1_107' title='bbox 329 1439 524 1516; x_wconf 78' lang='lat' dir='ltr'><strong>inciderint,</strong></span> <span class='ocrx_word' id='word_1_108' title='bbox 555 1460 635 1526; x_wconf 85' lang='lat' dir='ltr'><strong>quae</strong></span> <span class='ocrx_word' id='word_1_109' title='bbox 660 1377 923 1516; x_wconf 75' lang='lat' dir='ltr'><strong>deiiuretionem,</strong></span> <span class='ocrx_word' id='word_1_110' title='bbox 957 1437 1042 1524; x_wconf 93' lang='lat' dir='ltr'><strong>quod</strong></span> <span class='ocrx_word' id='word_1_111' title='bbox 1067 1460 1135 1500; x_wconf 91' lang='lat' dir='ltr'><strong>non</strong></span> 
     </span>
     <span class='ocr_line' id='line_1_15' title="bbox 123 1523 1136 1609; baseline -0.001 -22"><span class='ocrx_word' id='word_1_112' title='bbox 123 1523 246 1602; x_wconf 89' lang='lat' dir='ltr'><strong>credit,</strong></span> <span class='ocrx_word' id='word_1_113' title='bbox 264 1535 319 1588; x_wconf 84' lang='lat' dir='ltr'><strong>eut</strong></span> <span class='ocrx_word' id='word_1_114' title='bbox 341 1524 564 1588; x_wconf 87' lang='lat' dir='ltr'><strong>definitionem</strong></span> <span class='ocrx_word' id='word_1_115' title='bbox 587 1523 763 1609; x_wconf 76' lang='lat' dir='ltr'><strong>pullulen13</strong></span> <span class='ocrx_word' id='word_1_116' title='bbox 798 1537 921 1608; x_wconf 83' lang='lat' dir='ltr'><strong>praeter</strong></span> <span class='ocrx_word' id='word_1_117' title='bbox 942 1525 1005 1584; x_wconf 80' lang='lat' dir='ltr'><strong>elie</strong></span> <span class='ocrx_word' id='word_1_118' title='bbox 1028 1543 1136 1586; x_wconf 85' lang='lat' dir='ltr'><strong>reme·</strong></span> 
     </span>
     <span class='ocr_line' id='line_1_16' title="bbox 124 1607 1134 1688; baseline -0.001 -16"><span class='ocrx_word' id='word_1_119' title='bbox 124 1608 195 1684; x_wconf 86' lang='lat' dir='ltr'><strong>din,</strong></span> <span class='ocrx_word' id='word_1_120' title='bbox 223 1610 259 1673; x_wconf 94' lang='lat' dir='ltr'><strong>in</strong></span> <span class='ocrx_word' id='word_1_121' title='bbox 281 1611 344 1672; x_wconf 87' lang='lat' dir='ltr'><strong>hoo</strong></span> <span class='ocrx_word' id='word_1_122' title='bbox 367 1610 505 1672; x_wconf 93' lang='lat' dir='ltr'><strong>concilio</strong></span> <span class='ocrx_word' id='word_1_123' title='bbox 527 1609 687 1680; x_wconf 75' lang='lat' dir='ltr'><strong>institute,</strong></span> <span class='ocrx_word' id='word_1_124' title='bbox 714 1609 850 1671; x_wconf 87' lang='lat' dir='ltr'><strong>confidit</strong></span> <span class='ocrx_word' id='word_1_125' title='bbox 869 1608 972 1672; x_wconf 84' lang='lat' dir='ltr'><strong>lenate</strong></span> <span class='ocrx_word' id='word_1_126' title='bbox 993 1607 1134 1688; x_wconf 77' lang='lat' dir='ltr'><strong>synodus</strong></span> 
     </span>
     <span class='ocr_line' id='line_1_17' title="bbox 124 1692 1136 1778; baseline 0 -23"><span class='ocrx_word' id='word_1_127' title='bbox 124 1692 336 1757; x_wconf 87' lang='lat' dir='ltr'><strong>beetiffimum</strong></span> <span class='ocrx_word' id='word_1_128' title='bbox 356 1692 538 1757; x_wconf 82' lang='lat' dir='ltr'><strong>Romanum</strong></span> <span class='ocrx_word' id='word_1_129' title='bbox 569 1694 757 1778; x_wconf 88' lang='lat' dir='ltr'><strong>pontificem</strong></span> <span class='ocrx_word' id='word_1_130' title='bbox 783 1704 983 1771; x_wconf 85' lang='lat' dir='ltr'><strong>curetarum,</strong></span> <span class='ocrx_word' id='word_1_131' title='bbox 1016 1704 1051 1753; x_wconf 89' lang='lat' dir='ltr'><strong>ut</strong></span> <span class='ocrx_word' id='word_1_132' title='bbox 1085 1694 1136 1755; x_wconf 86' lang='lat' dir='ltr'><strong>vel</strong></span> 
     </span>
     <span class='ocr_line' id='line_1_18' title="bbox 123 1775 1135 1878; baseline -0.002 -38"><span class='ocrx_word' id='word_1_133' title='bbox 123 1778 266 1840; x_wconf 78' lang='lat' dir='ltr'><strong>evocetis</strong></span> <span class='ocrx_word' id='word_1_134' title='bbox 288 1798 331 1841; x_wconf 84' lang='lat' dir='ltr'><strong>ex</strong></span> <span class='ocrx_word' id='word_1_135' title='bbox 350 1778 422 1842; x_wconf 83' lang='lat' dir='ltr'><strong>illie</strong></span> <span class='ocrx_word' id='word_1_136' title='bbox 441 1779 628 1878; x_wconf 75' lang='lat' dir='ltr'><strong>praesertim</strong></span> <span class='ocrx_word' id='word_1_137' title='bbox 682 1778 858 1855; x_wconf 86' lang='lat' dir='ltr'><strong>rovinciie,</strong></span> <span class='ocrx_word' id='word_1_138' title='bbox 891 1777 973 1842; x_wconf 93' lang='lat' dir='ltr'><strong>unde</strong></span> <span class='ocrx_word' id='word_1_139' title='bbox 994 1775 1135 1840; x_wconf 86' lang='lat' dir='ltr'><strong>difficul-</strong></span> 
     </span>
     <span class='ocr_line' id='line_1_19' title="bbox 123 1798 1136 1951; baseline 0 -27"><span class='ocrx_word' id='word_1_140' title='bbox 123 1872 174 1925; x_wconf 71' lang='grc' dir='ltr'><strong>ιιι</strong></span> <span class='ocrx_word' id='word_1_141' title='bbox 197 1872 266 1925; x_wconf 87' lang='lat' dir='ltr'><strong>orte</strong></span> <span class='ocrx_word' id='word_1_142' title='bbox 288 1857 405 1942; x_wconf 82' lang='lat' dir='ltr'><strong>fuerit,</strong></span> <span class='ocrx_word' id='word_1_143' title='bbox 425 1860 489 1938; x_wconf 82' lang='lat' dir='ltr'><strong>ire,</strong></span> <span class='ocrx_word' id='word_1_144' title='bbox 514 1880 594 1951; x_wconf 84' lang='lat' dir='ltr'><strong>quoe</strong></span> <span class='ocrx_word' id='word_1_145' title='bbox 614 1798 719 1927; x_wconf 75' lang='lat' dir='ltr'><strong>eiditu</strong></span> <span class='ocrx_word' id='word_1_146' title='bbox 740 1863 873 1944; x_wconf 84' lang='lat' dir='ltr'><strong>negotio</strong></span> <span class='ocrx_word' id='word_1_147' title='bbox 894 1862 1057 1926; x_wconf 83' lang='lat' dir='ltr'><strong>tractando</strong></span> <span class='ocrx_word' id='word_1_148' title='bbox 1082 1864 1136 1925; x_wconf 84' lang='lat' dir='ltr'><strong>ri-</strong></span> 
     </span>
     <span class='ocr_line' id='line_1_20' title="bbox 124 1944 1136 2029; baseline 0 -20"><span class='ocrx_word' id='word_1_149' title='bbox 124 1944 209 2009; x_wconf 87' lang='lat' dir='ltr'><strong>derit</strong></span> <span class='ocrx_word' id='word_1_150' title='bbox 227 1968 269 2011; x_wconf 81' lang='lat' dir='ltr'><strong>ex</strong></span> <span class='ocrx_word' id='word_1_151' title='bbox 293 1947 399 2024; x_wconf 89' lang='lat' dir='ltr'><strong>edire,</strong></span> <span class='ocrx_word' id='word_1_152' title='bbox 433 1947 485 2010; x_wconf 85' lang='lat' dir='ltr'><strong>vel</strong></span> <span class='ocrx_word' id='word_1_153' title='bbox 520 1947 616 2010; x_wconf 88' lang='lat' dir='ltr'><strong>etiem</strong></span> <span class='ocrx_word' id='word_1_154' title='bbox 642 1947 775 2010; x_wconf 88' lang='lat' dir='ltr'><strong>concilii</strong></span> <span class='ocrx_word' id='word_1_155' title='bbox 806 1949 966 2029; x_wconf 76' lang='lat' dir='ltr'><strong>generalia</strong></span> <span class='ocrx_word' id='word_1_156' title='bbox 994 1948 1136 2010; x_wconf 83' lang='lat' dir='ltr'><strong>celebre-</strong></span> 
     </span>
     <span class='ocr_line' id='line_1_21' title="bbox 124 1971 1134 2133; baseline -0.003 -38"><span class='ocrx_word' id='word_1_157' title='bbox 124 2033 234 2110; x_wconf 90' lang='lat' dir='ltr'><strong>tione,</strong></span> <span class='ocrx_word' id='word_1_158' title='bbox 254 1971 502 2097; x_wconf 56' lang='lat' dir='ltr'><strong>dnecellerium</strong></span> <span class='ocrx_word' id='word_1_159' title='bbox 520 2032 721 2133; x_wconf 81' lang='lat' dir='ltr'><strong>judicaverit,</strong></span> <span class='ocrx_word' id='word_1_160' title='bbox 740 2032 794 2098; x_wconf 79' lang='lat' dir='ltr'><strong>rel</strong></span> <span class='ocrx_word' id='word_1_161' title='bbox 816 2034 1033 2097; x_wconf 84' lang='lat' dir='ltr'><strong>commodiore</strong></span> <span class='ocrx_word' id='word_1_162' title='bbox 1053 2055 1134 2118; x_wconf 77' lang='lat' dir='ltr'><strong>que-</strong></span> 
     </span>
     <span class='ocr_line' id='line_1_22' title="bbox 125 2111 1134 2204; baseline 0.001 -25"><span class='ocrx_word' id='word_1_163' title='bbox 125 2138 260 2204; x_wconf 81' lang='lat' dir='ltr'><strong>cumque</strong></span> <span class='ocrx_word' id='word_1_164' title='bbox 282 2118 406 2182; x_wconf 84' lang='lat' dir='ltr'><strong>rutione</strong></span> <span class='ocrx_word' id='word_1_165' title='bbox 435 2118 467 2181; x_wconf 91' lang='lat' dir='ltr'><strong>ei</strong></span> <span class='ocrx_word' id='word_1_166' title='bbox 495 2122 600 2181; x_wconf 75' lang='lat' dir='ltr'><strong>velum</strong></span> <span class='ocrx_word' id='word_1_167' title='bbox 622 2112 740 2195; x_wconf 84' lang='lat' dir='ltr'><strong>luerit,</strong></span> <span class='ocrx_word' id='word_1_168' title='bbox 765 2119 1007 2203; x_wconf 77' lang='lat' dir='ltr'><strong>provinciarum</strong></span> <span class='ocrx_word' id='word_1_169' title='bbox 1032 2111 1061 2201; x_wconf 85' lang='lat'><strong>⁶)</strong></span> <span class='ocrx_word' id='word_1_170' title='bbox 1075 2139 1134 2180; x_wconf 90' lang='lat' dir='ltr'><strong>ne-</strong></span> 
     </span>
     <span class='ocr_line' id='line_1_23' title="bbox 124 2200 1136 2291; baseline 0.001 -25"><span class='ocrx_word' id='word_1_171' title='bbox 124 2203 337 2282; x_wconf 83' lang='lat' dir='ltr'><strong>ueffitetibue,</strong></span> <span class='ocrx_word' id='word_1_172' title='bbox 366 2223 427 2291; x_wconf 85' lang='lat' dir='ltr'><strong>pro</strong></span> <span class='ocrx_word' id='word_1_173' title='bbox 449 2200 513 2266; x_wconf 88' lang='lat' dir='ltr'><strong>Dei</strong></span> <span class='ocrx_word' id='word_1_174' title='bbox 530 2202 655 2286; x_wconf 82' lang='lat' dir='ltr'><strong>glorie,</strong></span> <span class='ocrx_word' id='word_1_175' title='bbox 674 2217 706 2268; x_wconf 91' lang='lat' dir='ltr'><strong>et</strong></span> <span class='ocrx_word' id='word_1_176' title='bbox 725 2203 871 2268; x_wconf 86' lang='lat' dir='ltr'><strong>ecclefiee</strong></span> <span class='ocrx_word' id='word_1_177' title='bbox 892 2203 1136 2291; x_wconf 73' lang='lat' dir='ltr'><strong>tranquillitate,</strong></span> 
     </span>
     <span class='ocr_line' id='line_1_24' title="bbox 125 2291 318 2355; baseline 0.01 -4"><span class='ocrx_word' id='word_1_178' title='bbox 125 2291 318 2355; x_wconf 78' lang='lat' dir='ltr'><strong>consuletur.</strong></span> 
     </span>
    </p>
   </div>
   <div class='ocr_carea' id='block_1_5' title="bbox 125 2448 1136 2627">
    <p class='ocr_par' dir='ltr' id='par_1_5' title="bbox 125 2448 1136 2627">
     <span class='ocr_line' id='line_1_25' title="bbox 125 2448 1136 2535; baseline 0 -16"><span class='ocrx_word' id='word_1_179' title='bbox 125 2452 182 2521; x_wconf 91' lang='lat' dir='ltr'><strong>De</strong></span> <span class='ocrx_word' id='word_1_180' title='bbox 203 2451 394 2522; x_wconf 74' lang='lat' dir='ltr'><strong>recitandis</strong></span> <span class='ocrx_word' id='word_1_181' title='bbox 422 2455 570 2520; x_wconf 79' lang='lat' dir='ltr'><strong>decretio</strong></span> <span class='ocrx_word' id='word_1_182' title='bbox 596 2451 737 2517; x_wconf 83' lang='lat' dir='ltr'><strong>concilii</strong></span> <span class='ocrx_word' id='word_1_183' title='bbox 776 2448 820 2517; x_wconf 81' lang='lat' dir='ltr'><strong>ab</strong></span> <span class='ocrx_word' id='word_1_184' title='bbox 843 2449 960 2517; x_wconf 81' lang='lat' dir='ltr'><strong>Paulo</strong></span> <span class='ocrx_word' id='word_1_185' title='bbox 978 2450 1072 2535; x_wconf 75' lang='lat' dir='ltr'><strong>HL,</strong></span> <span class='ocrx_word' id='word_1_186' title='bbox 1100 2462 1136 2519; x_wconf 84' lang='lat' dir='ltr'><strong>et</strong></span> 
     </span>
     <span class='ocr_line' id='line_1_26' title="bbox 413 2449 850 2627; baseline 0 -26"><span class='ocrx_word' id='word_1_187' title='bbox 413 2536 511 2602; x_wconf 78' lang='lat' dir='ltr'><strong>Jotio</strong></span> <span class='ocrx_word' id='word_1_188' title='bbox 531 2535 622 2610; x_wconf 80' lang='lat' dir='ltr'><strong>IIL,</strong></span> <span class='ocrx_word' id='word_1_189' title='bbox 642 2534 679 2599; x_wconf 87' lang='lat' dir='ltr'><strong>ia</strong></span> <span class='ocrx_word' id='word_1_190' title='bbox 693 2449 850 2627; x_wconf 48' lang='lat' dir='ltr'><strong>Jfffione.</strong></span> 
     </span>
    </p>
   </div>
   <div class='ocr_carea' id='block_1_6' title="bbox 126 2661 1136 3089">
    <p class='ocr_par' dir='ltr' id='par_1_6' title="bbox 126 2661 1136 3089">
     <span class='ocr_line' id='line_1_27' title="bbox 193 2661 1134 2749; baseline 0.006 -23"><span class='ocrx_word' id='word_1_191' title='bbox 193 2662 359 2748; x_wconf 82' lang='lat' dir='ltr'><strong>Quoniam</strong></span> <span class='ocrx_word' id='word_1_192' title='bbox 391 2661 526 2725; x_wconf 76' lang='lat' dir='ltr'><strong>diversis</strong></span> <span class='ocrx_word' id='word_1_193' title='bbox 561 2665 777 2749; x_wconf 81' lang='lat' dir='ltr'><strong>temporibus,</strong></span> <span class='ocrx_word' id='word_1_194' title='bbox 811 2676 876 2728; x_wconf 84' lang='lat' dir='ltr'><strong>tum</strong></span> <span class='ocrx_word' id='word_1_195' title='bbox 909 2664 963 2729; x_wconf 84' lang='lat' dir='ltr'><strong>sub</strong></span> <span class='ocrx_word' id='word_1_196' title='bbox 992 2661 1049 2730; x_wconf 86' lang='lat' dir='ltr'><strong>fel.</strong></span> <span class='ocrx_word' id='word_1_197' title='bbox 1073 2690 1134 2739; x_wconf 83' lang='lat' dir='ltr'><strong>rec.</strong></span> 
     </span>
     <span class='ocr_line' id='line_1_28' title="bbox 126 2745 1135 2836; baseline 0.002 -22"><span class='ocrx_word' id='word_1_198' title='bbox 126 2750 225 2814; x_wconf 84' lang='lat' dir='ltr'><strong>Paulo</strong></span> <span class='ocrx_word' id='word_1_199' title='bbox 242 2746 310 2826; x_wconf 83' lang='lat'><strong>111,</strong></span> <span class='ocrx_word' id='word_1_200' title='bbox 333 2769 424 2836; x_wconf 87' lang='lat' dir='ltr'><strong>quum</strong></span> <span class='ocrx_word' id='word_1_201' title='bbox 446 2747 535 2809; x_wconf 85' lang='lat' dir='ltr'><strong>dulio</strong></span> <span class='ocrx_word' id='word_1_202' title='bbox 549 2745 620 2826; x_wconf 81' lang='lat'><strong>111,</strong></span> <span class='ocrx_word' id='word_1_203' title='bbox 642 2751 742 2812; x_wconf 84' lang='lat' dir='ltr'><strong>multe</strong></span> <span class='ocrx_word' id='word_1_204' title='bbox 762 2751 798 2814; x_wconf 93' lang='lat' dir='ltr'><strong>in</strong></span> <span class='ocrx_word' id='word_1_205' title='bbox 811 2750 872 2813; x_wconf 87' lang='lat' dir='ltr'><strong>hoe</strong></span> <span class='ocrx_word' id='word_1_206' title='bbox 885 2753 971 2814; x_wconf 83' lang='lat' dir='ltr'><strong>locro</strong></span> <span class='ocrx_word' id='word_1_207' title='bbox 986 2754 1135 2831; x_wconf 88' lang='lat' dir='ltr'><strong>concilio,</strong></span> 
     </span>
     <span class='ocr_line' id='line_1_29' title="bbox 150 2831 1136 2916; baseline 0.005 -18"><span class='ocrx_word' id='word_1_208' title='bbox 150 2834 405 2915; x_wconf 83' lang='lat' dir='ltr'><strong>uoeddogmutu,</strong></span> <span class='ocrx_word' id='word_1_209' title='bbox 427 2854 462 2895; x_wconf 85' lang='lat' dir='ltr'><strong>oc</strong></span> <span class='ocrx_word' id='word_1_210' title='bbox 484 2855 610 2896; x_wconf 88' lang='lat' dir='ltr'><strong>morum</strong></span> <span class='ocrx_word' id='word_1_211' title='bbox 633 2831 916 2913; x_wconf 78' lang='lat' dir='ltr'><strong>reformationem,</strong></span> <span class='ocrx_word' id='word_1_212' title='bbox 948 2836 1072 2916; x_wconf 79' lang='lat' dir='ltr'><strong>statuta,</strong></span> <span class='ocrx_word' id='word_1_213' title='bbox 1103 2852 1136 2902; x_wconf 88' lang='lat' dir='ltr'><strong>et</strong></span> 
     </span>
     <span class='ocr_line' id='line_1_30' title="bbox 127 2859 1135 3007; baseline 0.002 -20"><span class='ocrx_word' id='word_1_214' title='bbox 127 2859 259 2987; x_wconf 81' lang='lat' dir='ltr'><strong>definite</strong></span> <span class='ocrx_word' id='word_1_215' title='bbox 279 2927 369 2998; x_wconf 69' lang='lat' dir='ltr'><strong>lunt,</strong></span> <span class='ocrx_word' id='word_1_216' title='bbox 395 2919 468 2982; x_wconf 84' lang='lat' dir='ltr'><strong>vult</strong></span> <span class='ocrx_word' id='word_1_217' title='bbox 486 2920 758 3007; x_wconf 77' lang='lat' dir='ltr'><strong>sanctasynodus,</strong></span> <span class='ocrx_word' id='word_1_218' title='bbox 780 2932 816 2985; x_wconf 85' lang='lat' dir='ltr'><strong>ut</strong></span> <span class='ocrx_word' id='word_1_219' title='bbox 827 2922 886 2985; x_wconf 89' lang='lat' dir='ltr'><strong>ille</strong></span> <span class='ocrx_word' id='word_1_220' title='bbox 899 2943 983 2986; x_wconf 90' lang='lat' dir='ltr'><strong>nunc</strong></span> <span class='ocrx_word' id='word_1_221' title='bbox 996 2924 1135 2990; x_wconf 86' lang='lat' dir='ltr'><strong>reciten-</strong></span> 
     </span>
     <span class='ocr_line' id='line_1_31' title="bbox 126 3009 415 3089; baseline -0.01 -17"><span class='ocrx_word' id='word_1_222' title='bbox 126 3020 190 3089; x_wconf 88' lang='lat' dir='ltr'><strong>tur,</strong></span> <span class='ocrx_word' id='word_1_223' title='bbox 210 3019 243 3072; x_wconf 89' lang='lat' dir='ltr'><strong>et</strong></span> <span class='ocrx_word' id='word_1_224' title='bbox 259 3009 415 3089; x_wconf 84' lang='lat' dir='ltr'><strong>legentur.</strong></span> 
     </span>
    </p>
   </div>
   <div class='ocr_carea' id='block_1_7' title="bbox 254 3115 576 3207">
    <p class='ocr_par' dir='ltr' id='par_1_7' title="bbox 254 3115 576 3207">
     <span class='ocr_line' id='line_1_32' title="bbox 254 3115 576 3207; baseline -0.016 -21"><span class='ocrx_word' id='word_1_225' title='bbox 254 3118 422 3186; x_wconf 80' lang='lat' dir='ltr'><strong>Recitata</strong></span> <span class='ocrx_word' id='word_1_226' title='bbox 435 3115 538 3207; x_wconf 81' lang='lat' dir='ltr'><strong>sant.</strong></span> <span class='ocrx_word' id='word_1_227' title='bbox 551 3118 576 3199; x_wconf 91' lang='lat' dir='ltr'><strong>l)</strong></span> 
     </span>
    </p>
   </div>
   <div class='ocr_carea' id='block_1_8' title="bbox 127 3278 1137 3460">
    <p class='ocr_par' dir='ltr' id='par_1_8' title="bbox 127 3278 1137 3460">
     <span class='ocr_line' id='line_1_33' title="bbox 127 3278 1137 3375; baseline -0.003 -22"><span class='ocrx_word' id='word_1_228' title='bbox 127 3286 183 3353; x_wconf 89' lang='lat' dir='ltr'><strong>De</strong></span> <span class='ocrx_word' id='word_1_229' title='bbox 194 3285 274 3375; x_wconf 86' lang='lat' dir='ltr'><strong>fiae</strong></span> <span class='ocrx_word' id='word_1_230' title='bbox 294 3283 451 3364; x_wconf 84' lang='lat' dir='ltr'><strong>concilii,</strong></span> <span class='ocrx_word' id='word_1_231' title='bbox 478 3288 522 3349; x_wconf 88' lang='lat' dir='ltr'><strong>&#39;et</strong></span> <span class='ocrx_word' id='word_1_232' title='bbox 550 3278 813 3369; x_wconf 79' lang='lat' dir='ltr'><strong>confirmatione</strong></span> <span class='ocrx_word' id='word_1_233' title='bbox 831 3281 981 3372; x_wconf 83' lang='lat' dir='ltr'><strong>petenda</strong></span> <span class='ocrx_word' id='word_1_234' title='bbox 1004 3305 1027 3349; x_wconf 83' lang='lat' dir='ltr'><strong>a</strong></span> <span class='ocrx_word' id='word_1_235' title='bbox 1039 3282 1137 3374; x_wconf 81' lang='lat' dir='ltr'><strong>san-</strong></span> 
     </span>
     <span class='ocr_line' id='line_1_34' title="bbox 285 3366 846 3460; baseline -0.002 -23"><span class='ocrx_word' id='word_1_236' title='bbox 285 3422 288 3427; x_wconf 84' lang='grc'>-</span> <span class='ocrx_word' id='word_1_237' title='bbox 408 3366 550 3460; x_wconf 78' lang='lat' dir='ltr'><strong>ctcffi&#39;mo</strong></span> <span class='ocrx_word' id='word_1_238' title='bbox 569 3367 705 3433; x_wconf 82' lang='lat' dir='ltr'><strong>domino</strong></span> <span class='ocrx_word' id='word_1_239' title='bbox 726 3367 846 3456; x_wconf 83' lang='lat' dir='ltr'><strong>nostro.</strong></span> 
     </span>
    </p>
   </div>
   <div class='ocr_carea' id='block_1_9' title="bbox 194 3494 1137 3584">
    <p class='ocr_par' dir='ltr' id='par_1_9' title="bbox 194 3494 1137 3584">
     <span class='ocr_line' id='line_1_35' title="bbox 194 3494 1137 3584; baseline -0.002 -25"><span class='ocrx_word' id='word_1_240' title='bbox 194 3495 393 3562; x_wconf 85' lang='lat' dir='ltr'><strong>Illustrillimi</strong></span> <span class='ocrx_word' id='word_1_241' title='bbox 409 3495 552 3572; x_wconf 90' lang='lat' dir='ltr'><strong>domini,</strong></span> <span class='ocrx_word' id='word_1_242' title='bbox 573 3494 887 3584; x_wconf 86' lang='lat' dir='ltr'><strong>reverendillimique</strong></span> <span class='ocrx_word' id='word_1_243' title='bbox 908 3505 1029 3582; x_wconf 73' lang='lat' dir='ltr'><strong>petrea,</strong></span> <span class='ocrx_word' id='word_1_244' title='bbox 1062 3496 1137 3580; x_wconf 83' lang='lat' dir='ltr'><strong>ple-</strong></span> 
     </span>
    </p>
   </div>
   <div class='ocr_carea' id='block_1_10' title="bbox 130 3623 355 3635">
    <p class='ocr_par' dir='ltr' id='par_1_10' title="bbox 130 3623 355 3635">
     <span class='ocr_line' id='line_1_36' title="bbox 130 3623 355 3635; baseline -0.004 -1"><span class='ocrx_word' id='word_1_245' title='bbox 130 3623 319 3634; x_wconf 51' lang='grc' dir='ltr'><strong>’,α-.-</strong></span> <span class='ocrx_word' id='word_1_246' title='bbox 327 3627 355 3635; x_wconf 79' lang='grc'><strong>..-</strong></span> 
     </span>
    </p>
   </div>
   <div class='ocr_carea' id='block_1_11' title="bbox 164 3629 734 3763">
    <p class='ocr_par' dir='ltr' id='par_1_11' title="bbox 164 3629 734 3763">
     <span class='ocr_line' id='line_1_37' title="bbox 164 3629 734 3763; baseline -0.007 -35"><span class='ocrx_word' id='word_1_247' title='bbox 164 3676 193 3744; x_wconf 85' lang='grc'><strong>6)</strong></span> <span class='ocrx_word' id='word_1_248' title='bbox 203 3677 423 3763; x_wconf 72' lang='grc' dir='ltr'><strong>Ιριοιίιιοίιίἱιιιιι</strong></span> <span class='ocrx_word' id='word_1_249' title='bbox 444 3677 519 3741; x_wconf 71' lang='lat' dir='ltr'><strong>Veri,</strong></span> <span class='ocrx_word' id='word_1_250' title='bbox 538 3674 623 3741; x_wconf 74' lang='lat' dir='ltr'><strong>Virri,</strong></span> <span class='ocrx_word' id='word_1_251' title='bbox 642 3629 734 3729; x_wconf 74' lang='lat' dir='ltr'><strong>illrum</strong></span> 
     </span>
    </p>
   </div>
   <div class='ocr_carea' id='block_1_12' title="bbox 164 3768 1135 3970">
    <p class='ocr_par' dir='ltr' id='par_1_12' title="bbox 164 3768 1135 3970">
     <span class='ocr_line' id='line_1_38' title="bbox 164 3768 1135 3842; baseline -0.007 -13"><span class='ocrx_word' id='word_1_252' title='bbox 164 3775 187 3842; x_wconf 85' lang='lat' dir='ltr'><strong>i)</strong></span> <span class='ocrx_word' id='word_1_253' title='bbox 204 3773 270 3830; x_wconf 84' lang='lat' dir='ltr'><strong>Setl.</strong></span> <span class='ocrx_word' id='word_1_254' title='bbox 300 3776 379 3828; x_wconf 81' lang='lat' dir='ltr'><strong>Xlll·</strong></span> <span class='ocrx_word' id='word_1_255' title='bbox 407 3775 474 3828; x_wconf 81' lang='lat' dir='ltr'><strong>XV·</strong></span> <span class='ocrx_word' id='word_1_256' title='bbox 497 3782 525 3826; x_wconf 86' lang='lat' dir='ltr'><strong>et</strong></span> <span class='ocrx_word' id='word_1_257' title='bbox 547 3774 654 3828; x_wconf 83' lang='lat' dir='ltr'><strong>XVlll.</strong></span> <span class='ocrx_word' id='word_1_258' title='bbox 677 3777 706 3824; x_wconf 90' lang='lat' dir='ltr'><strong>in</strong></span> <span class='ocrx_word' id='word_1_259' title='bbox 729 3769 778 3825; x_wconf 82' lang='lat' dir='ltr'><strong>fin.</strong></span> <span class='ocrx_word' id='word_1_260' title='bbox 797 3801 831 3810; x_wconf 89' lang='lat'><em>-</em></span> <span class='ocrx_word' id='word_1_261' title='bbox 876 3773 907 3840; x_wconf 81' lang='lat' dir='ltr'><strong>t)</strong></span> <span class='ocrx_word' id='word_1_262' title='bbox 925 3772 1000 3825; x_wconf 88' lang='lat' dir='ltr'><strong>ldem</strong></span> <span class='ocrx_word' id='word_1_263' title='bbox 1023 3773 1052 3823; x_wconf 90' lang='lat' dir='ltr'><strong>in</strong></span> <span class='ocrx_word' id='word_1_264' title='bbox 1079 3768 1135 3822; x_wconf 87' lang='lat' dir='ltr'><strong>fine</strong></span> 
     </span>
     <span class='ocr_line' id='line_1_39' title="bbox 164 3840 1135 3970; baseline -0.007 -72"><span class='ocrx_word' id='word_1_265' title='bbox 164 3849 459 3970; x_wconf 48' lang='lat' dir='ltr'><strong>nuntrroruprimorum</strong></span> <span class='ocrx_word' id='word_1_266' title='bbox 486 3846 670 3896; x_wconf 87' lang='lat' dir='ltr'><strong>conciliorum</strong></span> <span class='ocrx_word' id='word_1_267' title='bbox 695 3844 881 3912; x_wconf 80' lang='lat' dir='ltr'><strong>generalium,</strong></span> <span class='ocrx_word' id='word_1_268' title='bbox 907 3845 1035 3907; x_wconf 84' lang='lat' dir='ltr'><strong>Nioeeui,</strong></span> <span class='ocrx_word' id='word_1_269' title='bbox 1058 3840 1135 3892; x_wconf 78' lang='lat' dir='ltr'><strong>Cou-</strong></span> 
     </span>
    </p>
   </div>
   <div class='ocr_carea' id='block_1_13' title="bbox 69 3912 1135 3988">
    <p class='ocr_par' dir='ltr' id='par_1_13' title="bbox 69 3912 1135 3988">
     <span class='ocr_line' id='line_1_40' title="bbox 69 3912 1135 3988; baseline -0.008 -16"><span class='ocrx_word' id='word_1_270' title='bbox 69 3976 72 3983; x_wconf 89' lang='lat'><em>.</em></span> <span class='ocrx_word' id='word_1_271' title='bbox 187 3929 258 3975; x_wconf 80' lang='lat' dir='ltr'><strong>aut..</strong></span> <span class='ocrx_word' id='word_1_272' title='bbox 283 3915 397 3988; x_wconf 69' lang='lat' dir='ltr'><strong>Rubri,</strong></span> <span class='ocrx_word' id='word_1_273' title='bbox 422 3928 449 3970; x_wconf 89' lang='lat' dir='ltr'><strong>et</strong></span> <span class='ocrx_word' id='word_1_274' title='bbox 467 3912 702 3971; x_wconf 84' lang='lat' dir='ltr'><strong>Chalcedonenlie.</strong></span> <span class='ocrx_word' id='word_1_275' title='bbox 727 3941 761 3956; x_wconf 90' lang='lat'>-</span> <span class='ocrx_word' id='word_1_276' title='bbox 807 3916 829 3980; x_wconf 85' lang='lat' dir='ltr'><strong>l)</strong></span> <span class='ocrx_word' id='word_1_277' title='bbox 847 3913 926 3984; x_wconf 74' lang='lat' dir='ltr'><strong>Quae</strong></span> <span class='ocrx_word' id='word_1_278' title='bbox 950 3914 985 3968; x_wconf 88' lang='lat' dir='ltr'><strong>ed</strong></span> <span class='ocrx_word' id='word_1_279' title='bbox 1007 3913 1135 3983; x_wconf 81' lang='lat' dir='ltr'><strong>dogmata</strong></span> 
     </span>
    </p>
   </div>
   <div class='ocr_carea' id='block_1_14' title="bbox 0 0 1276 4522">
    <p class='ocr_par' dir='ltr' id='par_1_14' title="bbox 0 0 1276 4522">
     <span class='ocr_line' id='line_1_41' title="bbox 0 0 1276 4522; baseline 0 0"><span class='ocrx_word' id='word_1_280' title='bbox 0 0 1276 4522; x_wconf 95' lang='lat' dir='ltr'><strong> </strong></span> 
     </span>
    </p>
   </div>
  </div>
 </body>
</html>
