2528 4522
22 314 24 323 Ι
68 291 71 304 .
126 234 273 307 Profeii.
296 235 573 334 fideipublicat.
598 238 740 315 Romae
764 241 922 315 MDLtt
995 256 1071 338 399

65 417 149 499 festi,
176 415 323 494 Christo,
350 415 486 499 Virgini
513 419 627 500 Matri,
658 435 691 489 et
711 420 872 509 Angelis,
893 438 926 491 et
947 426 1073 493 Sanctis

65 504 218 581 dedicati,
241 502 393 582 religiose
414 505 541 569 colendi
560 507 643 574 sunt.
1029 572 1034 581 .

125 588 288 671 Jejunium
306 585 588 672 Quadragetimee‚
611 593 675 657 alia
693 594 827 681 jejunia,
846 606 879 659 et
899 594 982 669 aliae
1001 597 1075 658 abs-

65 674 220 738 tinentiae
250 695 268 734 a
296 676 395 753 cibis,
433 698 512 763 quae
540 678 675 744 Ecclefia
707 685 875 747 observare
903 682 1075 768 praecepit,

67 772 257 826 reverenter
273 759 345 823 sunt
368 764 572 832 observanda.

126 844 371 923 caeremoniae,
407 849 508 928 ritus,
544 862 577 915 et
606 846 713 915 mores
736 871 848 914 omnes
879 851 917 912 ab
938 848 1075 913 Ecclefie
1165 877 1168 889 ·

33 961 36 967 ·
63 932 203 1015 recepti,
236 941 268 992 et
289 933 432 1016 probati,
463 936 519 1023 qui
537 937 592 999 vel
613 938 652 1007 ad
674 937 785 999 divina
808 935 929 1012 officia,
961 935 1076 997 velud

62 1018 126 1163 pili}
149 1014 282 1162 opaeuis
311 1019 422 1083 munia
451 1021 649 1086 ecclefiestica
678 1023 879 1094 adhibentur,
914 1020 1078 1086 observari

89 1123 107 1164 e
130 1123 195 1163 en.
239 1162 243 1167 ,

129 1183 377 1252 constitutiones
394 1186 569 1264 Ecclefise,
583 1186 746 1262 canones,
767 1187 968 1264 Sanctiones,
995 1208 1079 1272 poe·

67 1291 139 1346 nee,
160 1270 294 1348 decreta,
314 1274 378 1337 five
400 1275 439 1337 ad
460 1275 691 1340 ecclesiasticam
712 1278 876 1360 pietatem,
897 1285 929 1335 et
950 1294 1079 1337 morum

15 1407 17 1410 >
66 1357 333 1441 competitionem
354 1362 526 1436 attineant,
546 1361 612 1424 five
635 1363 673 1424 od
696 1361 919 1446 disciplinam,
951 1371 985 1421 et
1005 1378 1080 1420 mo-

67 1464 139 1505 rum
163 1441 443 1521 emendationem,
475 1446 697 1532 malorumque
730 1446 966 1532 depulfionem‚
1000 1463 1080 1527 quae

65 1526 120 1589 vel
141 1546 159 1589 a
182 1526 314 1590 Summo
336 1529 512 1608 Pontifice,
534 1533 589 1595 vel
608 1552 626 1593 a
648 1530 824 1608 conciliis,
854 1531 907 1593 vel
928 1549 946 1590 a
967 1528 1080 1612 quavis

66 1611 211 1695 legitime
233 1613 430 1680 authoritate
451 1617 715 1701 proficiscuntur,
737 1630 770 1685 et
789 1615 907 1701 suscipi
926 1632 1082 1677 reveren·

66 1708 134 1777 ter,
156 1708 189 1760 et
209 1697 350 1765 fideliter
368 1701 491 1765 servari
512 1701 640 1768 debent.

127 1783 308 1859 Postremo,
354 1786 440 1873 quod
479 1788 595 1851 attinet
634 1785 673 1849 ad
707 1785 802 1867 hujus
835 1782 949 1846 aetatis
984 1792 1080 1868 atque

68 1868 215 1931 omnium
236 1879 438 1955 temporum,
465 1875 503 1934 ab
521 1871 700 1936 Haereticis
722 1884 808 1933 ortas
833 1870 886 1933 vel
915 1870 1082 1931 suscitatas

66 1954 103 2015 in
122 1953 325 2033 dogmatibus
346 1956 471 2020 divinis
492 1968 587 2042 atque
603 1956 810 2020 ecclefiosticis
841 1954 1083 2030 controverfias,

64 2048 98 2101 et
120 2040 284 2121 perversas
310 2039 482 2116 doctrinas,
502 2043 586 2105 illud
601 2053 757 2116 tenemus,
774 2037 934 2104 credimus
955 2051 988 2100 et
1001 2061 1084 2101 con·

64 2126 214 2269 fiterpur,
235 2125 322 2208 quod
343 2132 449 2191 sancta
469 2126 615 2190 Romana
636 2127 770 2190 Ecclefia
792 2133 898 2200 tenet,
926 2122 1028 2193 credit
1049 2133 1082 2186 ot

69 2229 131 2269 con
160 2218 252 2270 tetur.

131 2289 316 2366 Anathema
343 2290 493 2353 omnibus
522 2290 668 2355 omnium
689 2300 872 2372 temporum
891 2287 1084 2370 Haereticis,

67 2386 161 2460 atque
182 2374 371 2448 haereticus,
391 2377 585 2439 nominatim
606 2396 698 2450 vero,
726 2373 893 2437 anathema
914 2375 1009 2457 hujus
1028 2396 1085 2438 ae·

68 2461 145 2523 tatis
167 2458 402 2523 Haereiiarcbis
424 2459 586 2537 Lutbero,
619 2457 887 2543 Oecolampadio,
916 2458 1093 2545 Zoinglio,

66 2544 297 2616 Rothmauno,
332 2541 488 2623 Calvino,
519 2567 692 2632 eorumque
717 2547 918 2630 sequacibus,
947 2548 1083 2632 aliisque

68 2633 218 2695 omnibus
241 2628 413 2693 Haereticis
436 2652 638 2718 quascunque
667 2632 703 2695 in
733 2635 832 2694 sertas
860 2629 986 2697 differri
1013 2634 1084 2710 fint,

66 2719 122 2780 vel
149 2715 266 2803 quovis
298 2719 431 2780 nomine
460 2722 666 2796 censeantur,
702 2717 879 2794 uuiverfis,
906 2727 939 2781 at
970 2738 1084 2783 sorum

68 2802 247 2866 haerefibus
268 2803 449 2865 anathemo.
520 2870 524 2876 ,

71 2949 203 3018 Formo
217 2948 417 3039 juramenti
435 2947 637 3101 plrjaestppdi
667 2969 732 3039 per
753 2946 1007 3016 Promovendos
1037 2949 1087 3017 ad

485 3058 545 3101 roe
561 3059 583 3105 a>
601 3056 696 3099 uras.

129 3135 200 3218 Ego
222 3133 252 3201 N
253 3177 394 3208 .....
415 3151 485 3204 toto
508 3140 620 3217 corde,
643 3151 737 3225 atque
758 3158 814 3201 ore
835 3135 1001 3212 confiteor,
1024 3134 1085 3197 fir·

73 3221 232 3309 miterque
257 3233 356 3303 ,teneo
386 3230 496 3291 omnia
527 3237 561 3290 et
580 3227 700 3306 fingule
727 3225 764 3286 in
792 3218 982 3307 supradictis
1006 3220 1088 3282 arti-

75 3309 156 3372 culis
183 3306 449 3389 seuGenonibus
477 3324 648 3386 contenta,
692 3330 790 3394 eoque
821 3326 1021 3392 proponam,
1052 3314 1086 3367 et

75 3395 219 3480 proponi
240 3397 371 3472 corabo,
401 3397 575 3473 credenda,
606 3394 805 3470 confitenda,
834 3413 869 3454 ac
891 3389 1027 3453 tenenda
1048 3391 1087 3451 ab

76 3481 244 3555 otnnibus,
279 3480 335 3566 qui
366 3486 477 3561 cuiae,
511 3479 777 3545 administrationi
805 3499 840 3540 ac
871 3474 1087 3559 jurisdictioni

75 3565 197 3628 nostroe
230 3565 385 3629 oonnnisii
411 3580 444 3632 st
472 3568 608 3644 subditi,
647 3586 751 3651 neque
784 3583 922 3648 unquam
954 3559 1088 3646 aliquid,

78 3648 164 3736 quod
196 3649 287 3727 illis,
318 3654 372 3716 vel
394 3653 526 3717 illorum
548 3653 644 3715 elicui
671 3673 713 3714 ex
734 3661 822 3726 toto,
858 3649 909 3710 vel
934 3658 1087 3730 exparte

78 3742 117 3798 lit
139 3737 353 3814 contrarium,
375 3749 429 3802 aut
450 3739 626 3814 ditionum,
648 3736 765 3812 doceri,
787 3733 979 3819 praedicuri,
1002 3728 1088 3815 quod
1126 3736 1129 3740 '

79 3821 115 3883 in
137 3842 188 3883 me
207 3821 289 3897 erit,
320 3825 524 3909 permittam,
556 3837 650 3908 etque
677 3823 722 3883 ita
751 3841 856 3883 coram
880 3819 992 3889 vobis,
1029 3826 1088 3879 etc.

82 3921 115 3970 et
136 3908 171 3970 iu
190 3909 337 3974 manibus
360 3911 467 3975 restria
485 3910 626 3986 affirmo,
649 3908 823 3994 promitto,
844 3917 877 3968 et
900 3922 1017 3968 voveo.

1099 4034 1192 4258 „4
