2528 4522
172 265 252 343 310
352 204 355 214 Ι
391 242 486 348 App
510 244 542 323 1.
566 243 616 321 od
635 244 774 323 eonett
795 242 962 320 Trident

175 433 294 504 summi
314 431 507 523 pontifices,
525 440 582 497 aut
602 427 741 496 concilio
766 429 969 497 oecumenica
992 427 1194 509 damnarunt,

175 537 209 590 et
228 523 266 587 in
287 523 351 587 hoc
371 516 479 587 indica
500 539 570 583 non
589 520 681 595 sunt,
707 514 823 582 eodem
844 517 943 583 modo
965 515 1109 582 damnati
1128 515 1195 582 effe

177 610 384 685 censeantur,
404 606 480 669 ficut
499 603 582 667 olim
597 601 740 666 damnati
760 599 903 668 fuerunt.

240 690 285 759 Π.
306 689 605 756 Hoerefiarcharum
641 688 739 768 libri,
775 700 842 755 tam
869 709 998 766 sorum,
1035 685 1093 774 qui
1124 685 1194 774 post

47 768 50 787 '
174 777 376 867 praedictum
406 796 528 840 annum
556 774 704 839 haereseo
732 773 946 859 invenerunt,
982 773 1038 836 vei
1059 775 1196 838 suscita-

175 872 264 941 runt,
284 884 380 950 quam
400 861 458 948 qui
476 859 712 925 hoereticorum
732 860 837 948 capita
856 870 911 923 aut
927 858 1022 922 duces
1043 861 1119 922 tunt
1139 858 1197 923 vel

176 943 322 1029 fuorunt,
377 949 464 1011 uoles
491 948 565 1009 funt
588 934 769 1024 Luthertis,
802 944 995 1026 Zuinglius,
1027 942 1197 1023 Calvinus,

176 969 621 1112 Batthnrcri’acimonunus‚
642 1026 915 1110 Swenchseldinr,
935 1041 967 1095 et
988 1027 1044 1094 hia
1064 1031 1197 1109 fimiles,

176 1119 399 1207 cujuscumque
428 1116 593 1196 nominis,
621 1114 713 1180 tituli
744 1127 801 1182 aut
833 1114 1017 1198 argumenti
1051 1115 1199 1195 existant,

176 1204 314 1270 omnino
345 1204 573 1306 prohihentur.
633 1196 789 1269 Aliorum
822 1213 932 1277 autem
959 1202 1199 1266 haereticorum

175 1289 273 1368 libri,
308 1312 378 1380 qur
397 1288 440 1355 de
469 1288 632 1372 religione
655 1284 787 1376 quidem
816 1294 859 1352 ex
886 1280 1029 1375 prosatio
1050 1297 1200 1366 tractant,

177 1377 313 1441 omnino
334 1376 535 1441 damnantur.
589 1370 661 1456 Qui
688 1394 767 1440 vero
797 1371 837 1439 de
855 1373 1020 1455 religione
1041 1394 1110 1438 non
1130 1384 1201 1436 tra-

176 1472 281 1539 ctant,
303 1482 322 1524 a
342 1460 509 1542 theologie
530 1458 720 1530 catholicis.
739 1456 820 1543 julio
842 1463 1067 1546 episcoporum
1089 1470 1123 1524 et
1143 1458 1201 1523 in·

122 1584 126 1597 ι
176 1547 366 1634 quifitorum
380 1547 558 1611 examinati
577 1554 610 1608 et
629 1544 800 1631 approbati
812 1545 1044 1641 permittuntur
1060 1541 1102 1626 1).
1139 1541 1202 1607 Li·

123 1640 128 1664 '
177 1632 349 1695 brictium
388 1629 525 1701 etirolici
549 1629 742 1717 coniciipti,
772 1641 839 1692 taus
859 1631 900 1692 ob
920 1629 994 1693 aiiis
1016 1629 1073 1716 qui
1094 1629 1201 1717 postea

176 1714 215 1778 in
235 1654 486 1802 haerefitilapfi
505 1712 596 1795 tunt,
615 1733 710 1801 quam
730 1710 770 1777 ab
791 1712 881 1793 iltis,
905 1715 962 1801 qui
983 1715 1051 1802 post
1074 1715 1201 1801 lapsum

177 1798 219 1863 ad
248 1801 395 1866 ecclefi'ae
425 1799 584 1881 gremium
615 1798 773 1879 rediere,
797 1801 968 1886 approbati
998 1810 1017 1864 'a
1042 1794 1201 1866 facultate

175 1885 362 1967 theologica
383 1884 519 1970 alicujus,
536 1883 755 1950 universitatis
777 1886 974 1966 catholicae,
1003 1887 1060 1952 vel
1081 1888 1121 1950 ab
1143 1887 1202 1952 in·

177 1971 350 2063 quiiitione
372 1970 534 2052 generali,
554 1970 703 2059 permitti
721 1964 888 2058 poterunt.
960 2018 963 2023 ι

242 2054 304 2120 111.
330 2055 507 2125 Verflones
546 2055 741 2142 scriptorum
773 2057 873 2122 etiam
912 2054 1200 2138 ecciefiafiicorum,

178 2160 260 2233 quae
281 2143 436 2207 hactenns
457 2138 563 2207 aditae
584 2144 658 2205 sunt
677 2139 870 2208 admuntis
884 2142 1081 2221 auctoribus,
1099 2143 1200 2208 modo

177 2230 265 2294 anihil
288 2240 400 2294 contra
417 2226 528 2294 ianam
557 2223 738 2313 doctrinam
761 2229 967 2305 contineant,
1000 2230 1201 2315 permittun-

177 2324 243 2384 tur.
284 2312 457 2380 librorum
477 2324 586 2381 autem
607 2315 727 2378 veteris
746 2314 925 2379 tutamenti
945 2313 1127 2394 versiones,
1145 2315 1201 2380 ri-

177 2400 225 2463 ris
246 2410 371 2464 tantum
393 2399 496 2463 doctis
518 2408 550 2462 et
572 2397 639 2484 piis
659 2398 779 2484 judicio
803 2397 949 2488 episcopi
980 2400 1114 2464 concedi
1136 2423 1200 2486 po-

176 2495 303 2551 terunt:
325 2483 423 2548 modo
445 2482 633 2568 hujusmodi
653 2484 853 2549 versionibus
873 2497 1035 2572 tamquam
1057 2486 1201 2549 elucida-

177 2571 323 2633 tionibus
354 2569 503 2652 vulgatae
536 2566 710 2646 editionis,
743 2568 783 2633 sd
811 2568 1059 2650 intelligendam
1080 2577 1200 2637 iseram

178 2653 386 2737 Scriptorum,
408 2658 476 2715 noir
498 2656 613 2714 autem'
626 2663 788 2739 tamquam
802 2659 877 2720 seno
892 2653 921 2735 2)
943 2666 1035 2722 textu
1057 2669 1199 2725 utantur·

176 2737 354 2802 Vnctiones
376 2756 455 2800 vero
475 2736 558 2800 'troni
579 2732 776 2818 testamenti,
810 2742 848 2802 ab
875 2742 1054 2804 auctoribus
1075 2744 1199 2831 primae

177 2822 282 2889 clatfis
307 2820 415 2909 liujus‘
433 2820 551 2888 indicis
572 2818 675 2887 iactae
703 2824 830 2889 nemini
859 2826 1093 2905 concedantur3
1124 2829 1200 2916 quia

175 2910 331 2975 utilitatis
351 2922 476 2998 parum,
497 2908 636 2995 periculi
655 2929 735 2977 vero
757 2913 936 2998 plurimum
956 2913 1133 2978 lectoribus
1156 2937 1199 2982 ex

173 2998 288 3072 ,sarum
308 2994 449 3059 lectione
471 2994 720 3060 rostroresoiet.¹
768 2996 805 3059 Si
837 3019 915 3086 quse
947 3019 1026 3063 vero
1058 3012 1198 3065 annota-

177 3084 283 3148 tiones
305 3102 377 3145 eum
398 3079 595 3163 hujusmodi,
618 3101 698 3168 quae
719 3081 960 3168 permittuntur,
985 3087 1197 3165 verfionibus,

178 3169 235 3229 vet
265 3188 338 3232 cum
369 3164 675 3248 vulgatacditione
706 3165 990 3247 circumferuntur,
1025 3173 1198 3258 expunctis

178 3249 263 3313 locis
283 3253 454 3338 suspectis,
489 3272 507 3314 a
528 3247 679 3318 facultate
701 3255 886 3334 theologico
911 3256 1043 3340 alicujus
1062 3258 1199 3321 univer-

177 3335 278 3415 fitatis
303 3339 501 3416 catholicae,
531 3349 585 3400 ant
616 3338 825 3425 inquifitione
852 3344 1017 3425 generali,
1050 3343 1198 3429 permitti

177 3418 495 3511 eisdem-poterunt,
514 3423 629 3509 quihus
650 3434 684 3488 et
706 3427 878 3489 verfiones.
932 3424 1060 3510 Quibus
1080 3429 1198 3492 condi·
1242 3428 1243 3433 ’

177 3505 324 3653 pronibus¹
340 3512 455 3573 -totu'm
476 3511 636 3576 volumen
655 3509 840 3588 bibliorum,
863 3513 946 3599 quod
972 3514 1073 3593 vulgo
1093 3515 1196 3578 biblia

180 3618 184 3627 ¹
212 3592 309 3655 meoli
330 3591 464 3673 dicitur,
496 3607 551 3659 aut
578 3606 686 3683 partes
713 3598 780 3683 ejus
810 3598 944 3661 concedi
973 3599 1056 3665 viris
1076 3601 1142 3685 piis
1164 3612 1198 3665 et

178 3676 282 3743 doctis
312 3690 478 3767 poterunt.
530 3679 582 3749 Ex
613 3680 727 3748 bibliis·
757 3704 837 3749 vero
857 3681 972 3775 Isidori
995 3683 1095 3749 Clarii
1116 3685 1197 3750 Bri-

214 3959 243 4027 1)
263 3946 456 4030 permittantur
474 3957 564 4016 Hand.
582 3984 618 4001 -
653 3957 686 4026 2)
704 3955 781 4014 tuero
794 3977 846 4034 pro
864 3957 929 4016 [mm
947 3958 1055 4016 Hora„
1074 3959 1121 4016 Vc,

775 4249 787 4289 δ
