2528 4522
116 220 193 297 328
265 282 285 299 ,.
337 204 431 307 App.
455 203 503 283 lt
527 204 575 281 stl
596 199 744 281 Prolell.
765 201 880 278 Fidei.

178 391 386 461 Matrimonii
407 389 574 457 vinculum
592 390 618 455 b
636 387 784 473 legitime
805 396 1009 453 contractum
1029 381 1140 463 suerit,

121 493 155 549 et
172 480 443 555 consummatum,
463 477 564 540 nullis
583 475 625 539 de
644 477 741 541 caulis
763 474 877 543 dirimi
898 473 1014 559 potest.

185 567 313 632 Votum
333 563 478 627 castitatis
499 561 594 627 locris
610 559 784 627 Ordinibus
808 560 1022 643 conjunctum,
1044 568 1138 644 atque

120 663 211 730 vols,
233 671 312 739 quae
332 651 369 715 iu
388 650 532 737 probetis
550 646 777 728 Religionibus
801 649 999 721 emittuntur,
1022 655 1057 706 et
1079 645 1139 706 alia

122 757 325 829 quaecunque
346 734 408 799 rite
430 739 590 819 suscepta,
611 734 752 798 fideliter
772 737 845 797 subt
864 729 1079 795 observanda.

40 908 45 921 ,
185 841 314 904 Peccata
346 859 415 902 non
445 837 592 902 accidunt
612 839 761 914 volente,
792 835 848 900 vel
876 834 1039 896 efficiente
1062 829 1141 906 Deo,

122 924 176 993 ted
208 926 435 1013 permittente,
464 922 499 991 itl
528 923 571 989 est
597 945 664 987 non
691 920 905 1009 impediente,
935 940 1001 1004 quo
1032 916 1141 981 utinm

123 1014 221 1084 fiantt
272 1030 348 1075 aare
377 1009 500 1096 peccati
520 1010 613 1094 culpa
640 1009 745 1072 libero
766 1006 911 1071 bominis
931 1004 1072 1066 arbitrio
1095 1013 1143 1065 at·

124 1031 293 1161 tribusnls
324 1093 382 1170 eli,
409 1092 495 1182 quod
524 1094 625 1180 primi
653 1094 805 1179 parentis·
819 1089 1043 1155 inobedientia
1077 1109 1143 1152 non

124 1183 320 1258 extinctum,¹
349 1177 403 1243 tad
429 1181 550 1247 viribus
570 1191 786 1256 attenuatum,
823 1189 856 1241 et
876 1177 1074 1239 inclinatum
1095 1173 1143 1239 sb

126 1266 190 1333 Dei
211 1278 317 1330 autem
338 1265 441 1347 gratia
463 1265 720 1351 praeteritum
765 1263 877 1327 eccstis
899 1262 1075 1333 liberetur,
1097 1263 1143 1322 la·

125 1364 236 1431 natur,
255 1362 288 1416 et
307 1362 343 1414 ut
364 1350 509 1417 mndata
532 1355 661 1417 [errare
683 1287 854 1437 pollmos,
874 1347 1058 1430 adjuvatur:
1082 1346 1144 1407 itt·

126 1458 189 1587 pue
210 1441 318 1500 saneto
340 1436 443 1501 libero
464 1436 598 1501 arbitrio
620 1438 835 1523 pergratiam
857 1433 941 1509 Dei,
972 1445 1007 1494 et
1031 1431 1145 1493 merita

154 1522 260 1603 ltrilli,
292 1543 390 1607 opera
412 1522 499 1587 ritae
520 1534 666 1586 aeternae
688 1522 854 1586 meritoria
874 1520 974 1582 homo
997 1518 1147 1601 justifica-

128 1618 221 1672 tuso
246 1618 363 1671 eretur.
492 1646 495 1651 -

193 1629 245 1755 Al
262 1691 359 1775 impii
376 1688 635 1757 Jullificationem
656 1687 830 1778 requiritur
845 1687 908 1751 Dei
930 1684 1148 1773 praeveniens

129 1776 247 1857 gratia,
276 1786 309 1841 et
338 1776 433 1838 liberi
465 1779 592 1842 arbitrii
623 1790 729 1841 motos
759 1776 796 1837 in
818 1773 925 1837 Deum
955 1793 1014 1857 per
1042 1781 1147 1833 ectum

128 1859 226 1935 lidei,
244 1871 276 1924 et
297 1861 387 1945 spei,
409 1870 442 1925 et
462 1861 648 1927 dilectionis
667 1861 731 1926 Dei
750 1860 1011 1930 inchoationem,
1036 1866 1070 1918 et
1091 1854 1149 1917 de-

129 1944 327 2009 testationem
355 1952 495 2030 peccati,
523 1969 558 2029 ac
586 1948 784 2034 propolitum
814 1940 1010 2029 suscipiendi
1034 1938 1151 2026 Bapti-

129 2035 253 2108 l'tnum,
286 2041 320 2095 et
340 2032 395 2117 pie
415 2031 563 2098 vivendi.
618 2032 672 2097 Ad
693 2027 869 2096 infantium
889 2049 968 2091 vero
991 2026 1168 2091 testifica-2

129 2117 255 2180 tionem
277 2115 344 2179 sola
365 2114 523 2202 Baptilmi
545 2118 691 2200 legitima
712 2117 870 2200 susceptio
887 2112 1012 2178 sufficit.

194 2195 247 2265 Ad
269 2201 295 2265 le
323 2205 428 2267 lorum
450 2215 555 2266 autem
576 2203 643 2291 post
663 2202 864 2289 Baptismutn
885 2197 1152 2263 Jullificationem

130 2280 253 2349 necelie
274 2223 331 2362 el,
365 2298 399 2350 ut
431 2290 592 2353 excitante
613 2288 683 2351 Deo
714 2299 860 2374 procuret
882 2295 1028 2371 peccator
1052 2283 1152 2346 amii-

131 2375 196 2434 lam
220 2373 351 2453 gratiam
373 2393 430 2458 per
452 2374 672 2437 Poenitentiae
695 2372 932 2437 Sacramentum
954 2390 1153 2455 recuperare.

131 2454 317 2530 Caeterum,
338 2460 393 2542 qui
412 2459 631 2539 justificantur,
661 2480 728 2521 non
749 2458 847 2521 modo
866 2466 1075 2542 reputantur,
1096 2453 1152 2517 led

132 2561 209 2605 rere
231 2543 439 2605 nominantur
459 2543 548 2624 julli,
569 2554 601 2606 et
622 2548 714 2619 lunt,
745 2542 893 2624 justitiam
924 2542 960 2603 in
987 2542 1019 2603 le
1046 2561 1155 2602 unus-

133 2627 266 2728 quisque
286 2629 374 2691 luam
396 2627 606 2712 recipientes,
639 2627 714 2689 dum
737 2648 794 2709 per
818 2628 974 2710 Spiritum
997 2626 1154 2689 Sanctum

133 2733 169 2773 ιιι
191 2710 339 2774 cordibus
366 2730 479 2777 eorum
510 2714 648 2779 charitas
670 2708 785 2775 Ghriili
813 2711 1023 2789 diffunditur,
1052 2722 1153 2798 atque

132 2795 194 2884 ipfi
214 2798 371 2863 inhaeret.
1025 2800 1031 2815 ’

196 2879 303 2963 Virgo
321 2881 383 2945 Dei
404 2879 561 2963 genitrix,
580 2876 715 2964 Angeli,
736 2892 768 2945 et
781 2880 889 2944 Sancti
910 2879 1061 2962 religiose
1086 2876 1154 2940 coli

134 2962 267 3046 debent,
289 2978 322 3033 et
343 2968 506 3041 invocari,
529 2978 698 3033 uteorum
719 2967 854 3044 meritis,
876 2978 909 3030 et
930 2968 1079 3053 precibus
1099 2963 1154 3047 ju-

133 3071 258 3127 versor,

199 3134 286 3199 Crux
308 3133 442 3213 Christi,
477 3147 509 3199 et
530 3135 710 3217 Imagines,
740 3158 774 3197 ac
799 3158 1001 3223 quaecunque
1029 3135 1155 3214 attige-

134 3231 228 3298 runt,
247 3220 408 3283 adoranda
431 3224 523 3300 lunt,
553 3223 642 3306 juxta
658 3222 810 3285 Ecclefiae
832 3225 1008 3285 catholicae
1026 3221 1156 3284 doctri-

134 3325 224 3380 nam,
247 3317 280 3369 et
301 3309 415 3369 fidem·
1023 3368 1025 3377 ,

176 3388 335 3474 Dei'parae
363 3389 515 3472 Virginis
540 3387 679 3465 Metine,
709 3385 927 3469 Angelorum,
959 3402 992 3454 et
1014 3392 1156 3455 Sancto-

134 3490 205 3535 rum
226 3474 297 3536 lunt
318 3475 479 3558 imagines
500 3473 737 3555 adorandae*),
757 3487 826 3540 tum
847 3476 1005 3565 Corpora,
1028 3490 1061 3541 et
1082 3477 1152 3541 Re-

75 3618 78 3626 ,
136 3558 257 3646 liquiae
279 3565 422 3644 quaevis.
1074 3584 1076 3588 ·

200 3644 388 3710 Sanctorum
410 3644 585 3712 memoriae
605 3653 776 3732 praeterea,
797 3657 830 3708 et
852 3645 1005 3727 vigiliae,
1029 3658 1063 3710 et
1080 3646 1150 3711 dies

171 3893 197 3963 ³)
215 3893 246 3948 id
261 3891 301 3965 est
319 3890 350 3945 irs
366 3892 462 3947 bonore
477 3894 623 3951 Ιιοόιιιᾰω.
635 3895 738 3963 legitur
756 3901 786 3950 in
805 3897 938 3964 margine.
