2528 4522
542 78 559 109 Ι
642 88 648 97 ι

34 322 63 346 ,,
144 224 148 229 .
180 238 254 321 tto
321 235 414 336 App,
438 237 468 310 1.
490 239 536 309 ad
561 237 697 310 eoncit
720 236 884 311 'l'rident
928 238 1024 313 'sert
1054 240 1189 313 xxlv.

103 405 117 421 κ
176 426 327 505 nocentio
338 423 398 489 ΙΙΙ.
418 425 454 487 in
467 423 606 487 concilio
626 425 779 505 generali,
802 442 881 511 quae
894 425 1019 512 incipit,
1041 428 1075 506 ¹¹)
1085 424 1189 506 Qua-

175 509 260 577 liter
286 519 320 574 et
341 507 495 598 quando,
529 530 626 596 quern
653 512 757 593 sancta
790 511 928 590 synodus
959 517 994 575 in
1027 514 1189 597 praesenti

174 592 321 675 innovet,
342 599 380 657 alr
394 598 540 658 omnibus
563 597 758 659 observetur.
799 597 943 660 Minores
964 619 1041 660 vero
1065 595 1189 681 1⁵)cri-

174 683 311 747 minales
344 683 448 746 ceusee
479 681 711 766 episcoporum·
730 682 766 745 in
794 685 933 747 concilio
963 694 1085 747 tanturn
1109 704 1190 765 pro-

174 768 308 832 vinciali
329 768 572 848 cognoscantur,
594 776 626 827 et
649 767 880 847 terminentur,
914 771 968 832 vel
992 790 1009 831 a
1032 769 1189 852 deputen-

174 851 226 917 dic
249 874 306 937 per
326 854 499 917 concilium
519 851 732 936 provinciale.

586 1020 665 1089 Ger.
687 1017 751 1083 Vl.
794 1060 798 1065 -

95 1120 118 1215 ,¹
174 1139 384 1241 [Episcopatu
446 1137 557 1217 ando,
585 1122 933 1237 ‘sslf-‘’nl‘’dffllsffis
961 1134 1136 1222 adfrelvere
1164 1162 1187 1203 a

91 1282 95 1290 .
173 1248 319 1295 crimme
339 1236 374 1290 ct
423 1222 599 1311 iepensare
612 1247 667 1396 ispo
675 1220 963 1391 crrpgulorztam
984 1232 1019 1286 et
1037 1222 1188 1310 saepen-

668 1329 721 1377 ne,
786 1374 789 1379 Δ
1087 1358 1089 1363 .

235 1430 345 1495 Liceat
378 1430 537 1514 episcopie
568 1430 604 1494 in
634 1430 923 1512 irregularitatibne
952 1432 1122 1505 omnibus,
1156 1442 1187 1492 et

171 1518 438 1600 suspensionibus,
458 1538 501 1580 ex
512 1515 631 1580 delicto
645 1519 769 1580 occulto
784 1517 1060 1606 provenientibus,¹
1078 1513 1112 1598 ⁰)
1125 1536 1187 1577 ex-

172 1615 341 1684 copiaco,
375 1624 453 1688 quoe
488 1603 591 1664 oritur
626 1624 668 1665 ex
699 1602 878 1664 homicidio
911 1602 1118 1677 voluntario,
1152 1612 1184 1663 et

170 1692 314 1770 exceptis
335 1689 409 1757 eliis
428 1686 573 1750 deductis
593 1686 632 1748 ad
657 1682 765 1750 sorum
785 1688 1030 1761 contentiosum,
1053 1687 1185 1767 dispen-

169 1775 259 1848 sare3
291 1785 323 1834 et
344 1774 379 1835 in
406 1773 654 1858 quibuscumque
674 1773 791 1835 celihus
814 1774 976 1851 occultis,
1000 1772 1096 1834 etiam
1118 1771 1184 1835 sedi

170 1857 356 1940 apostolicae
390 1850 579 1933 reservetis,
620 1857 843 1943 delinquentes
881 1878 1095 1943 quoecumque
1127 1858 1185 1918 libi

167 1943 324 2018 subditos,
345 1944 380 2004 in
402 1943 536 2005 dioecefi
557 1947 610 2006 sun
628 1961 683 2024 per
704 1944 846 2025 seipsos,
872 1955 926 2004 eut
949 1946 1120 2017 vicariurn,
1143 1943 1181 2003 ed

168 2029 202 2091 id
222 2030 400 2111 specialiter
421 2027 646 2111 deputandum,
677 2029 713 2091 in
742 2024 814 2091 soro
843 2032 1056 2092 conscientiae
1080 2030 1180 2108 gratis

166 2116 349 2191 absolvere,
380 2113 527 2195 impolite
558 2113 763 2196 poenitentia·
784 2115 945 2180 salutari·
983 2112 1074 2187 Idem
1092 2124 1125 2177 et
1146 2115 1182 2175 in

166 2201 303 2264 haeresin
325 2199 460 2263 crimine
479 2198 516 2262 in
544 2198 658 2269 eodem
689 2194 761 2271 soro
784 2198 1010 2277 conscientiae.
1024 2199 1079 2278 'eie
1109 2209 1181 2262 ten·

117 2285 124 2298 '
167 2297 254 2366 tum,
278 2309 346 2351 non
367 2307 478 2350 eorum
500 2285 652 2360 vicariis,
672 2285 709 2346 sit
730 2283 926 2368 permissum.

580 2438 764 2504 GaruVII.

165 2556 490 2640 [Sacramentorum
510 2556 644 2641 virtue,
664 2554 858 2645 antequem,
868 2550 998 2646 populo
1022 2553 1177 2628 adnunt-

155 2642 336 2738 strentur,
358 2638 401 2704 ab
425 2639 593 2738 episcopie
614 2652 648 2727 et
663 2641 828 2729 parrochie
850 2642 1064 2731 explicetur,
1085 2640 1176 2704 inter

186 2722 384 2827 ⁸mcffcrrum
397 2724 574 2815 solemma
592 2723 700 2813 sacra
721 2725 1135 2819 eloquioflexplanentur]

226 2845 269 2908 Ut
290 2845 397 2909 fidelis
419 2847 556 2930 populun
583 2846 621 2909 ed
654 2847 853 2928 suscipiende
885 2851 1077 2910 sacramenta
1093 2864 1177 2907 ona—

162 2933 226 3017 jori
249 2954 319 2995 curn
345 2932 541 3003 reverentie,
576 2946 670 3021 atque
703 2935 804 2996 enimi
835 2931 1178 3008 devotione.eccedet;

162 3021 318 3101 praecipit
355 3019 453 3083 sancta
486 3019 627 3100 synodus
659 3022 815 3102 episcopis
844 3022 1010 3088 omnibus,
1044 3031 1078 3079 ut
1109 3038 1177 3080 nen

161 3107 266 3168 solum
287 3127 358 3166 curn
381 3106 459 3167 haec
481 3125 537 3186 per
548 3107 667 3189 seipsos
686 3117 781 3168 erunt
795 3106 912 3187 populo
926 3101 1176 3176 edrninitlrende,

163 3192 252 3270 prius
277 3190 410 3253 illorum
433 3191 519 3268 rim,
550 3204 582 3254 et
611 3198 788 3274 usurnpro
820 3193 1062 3272 suscipientium
1084 3197 1176 3268 captu

162 3277 345 3355 explicent,
385 3276 436 3338 sed
470 3277 565 3340 etiem
599 3276 685 3341 idem
713 3277 893 3355 e¹singulis
932 3276 1081 3358 parochis
1113 3273 1175 3355 pie,

162 3361 412 3448 prudenterque,
442 3364 539 3424 etiern
561 3363 671 3442 lingue
692 3362 880 3435 vernacula,
907 3362 931 3422 fi
953 3381 1033 3442 opus
1056 3360 1110 3432 sit,
1132 3371 1176 3418 et

163 3447 329 3508 commode
351 3449 422 3510 fieri
445 3448 584 3529 poterit,
604 3449 724 3514 secreti
747 3446 896 3521 studeant,
917 3450 1006 3530 juxte
1026 3441 1173 3518 screnum,

162 3552 180 3593 e
202 3536 306 3594 sancta
330 3532 453 3616 synodo
473 3534 509 3597 in
532 3535 680 3597 catechesi
703 3533 835 3614 singulis
857 3530 1064 3614 sacrementis¹
1082 3550 1174 3612 pree-

69 3738 74 3749 '
196 3745 242 3810 13)
261 3757 326 3794 vero
343 3758 392 3794 em.
410 3739 500 3794 Heres.
721 3782 725 3791 ,
910 3770 913 3777 ,

195 3849 226 3914 υ)
245 3847 364 3916 Geron
384 3846 466 3901 Dect·
490 3844 521 3898 L·
541 3847 580 3901 v·
602 3849 854 3908 n.1.·e.17...
899 3840 1111 3910 0)-setr.x1v.
1137 3840 1170 3893 ae

196 3918 310 3972 rasornt.
328 3936 352 3973 c.
370 3924 396 3978 7.
