2528 4522
251 277 277 349 2
443 256 535 356 App.
558 257 590 331 l.
614 259 662 330 ad
686 257 824 328 Concil.
849 255 1015 329 Trident.

252 443 370 511 nolirae
390 441 454 507 esse
477 438 696 507 sentiebamus.
757 438 845 504 Nam
876 463 965 505 cum·
980 461 1057 526 pace
1086 463 1169 528 opos
1202 441 1261 504 els

251 532 508 612 intelligeremus
525 526 563 590 ad
581 522 800 603 liberandam,
820 537 853 588 et
873 526 1121 590 conservandam
1145 549 1162 590 a
1187 530 1246 612 plu

252 618 347 682 rimis
368 614 628 702 impendentibus
644 611 799 697 periculis
821 631 922 696 remp.
944 613 1055 676 omnis
1077 614 1259 676 invenimu

253 704 340 767 odiis
364 713 397 765 et
419 694 662 763 dissensionibus
686 703 798 782 plena,
832 697 1090 761 dissentientibus
1120 697 1149 780 ²)
1172 722 1248 784 prae

252 789 364 853 sertim
385 786 585 872 principibus
615 784 660 845 iis
688 787 775 844 inter
796 784 844 860 se,
900 785 991 845 uibus
1013 787 1134 848 summa
1158 807 1264 847 rerut

251 895 335 960 pone
356 873 464 936 otonis
486 893 503 933 a
524 869 594 933 Deo
616 866 765 954 permisis
785 867 837 935 ets.
913 892 965 931 um
986 866 1020 948 b)
1042 893 1139 933 unum
1165 871 1255 933 ovile

251 971 285 1023 et
306 980 405 1021 unum
425 957 579 1041 pastorem
599 946 757 1017 domini&
778 952 842 1018 else
868 956 994 1035 gregis,
1031 956 1070 1018 ad
1092 957 1252 1034 integritas·

250 1057 316 1107 tem
339 1041 534 1107 Christianae
557 1039 747 1122 religionis,
777 1051 810 1102 et
831 1039 879 1101 'ad
900 1040 1078 1104 caelestium
1107 1043 1255 1103 bonore«

249 1134 340 1215 spem
360 1128 397 1190 in
419 1129 515 1191 nobis
535 1123 805 1203 confirmandam,
825 1124 1034 1190 necessarium
1055 1127 1263 1189 duceremus·

215 1290 218 1295 Ι
249 1213 450 1291 schismatis,
472 1211 629 1290 dissidiis,
650 1209 829 1274 haeresibus
849 1223 917 1274 erat
935 1210 1103 1275 Christiani
1119 1213 1257 1274 ιιοιιιίιιί

250 1300 378 1367 divulse
397 1300 460 1383 jam
480 1320 583 1384 pane,
606 1310 639 1362 et
660 1299 796 1360 lacerate
815 1296 931 1366 unitas.
975 1295 1055 1361 Cum
1079 1309 1192 1374 tutam,
1214 1309 1246 1360 at

250 1406 313 1472 que
334 1385 490 1448 munitam
512 1386 551 1446 eb
564 1382 747 1448 infidelium
758 1383 875 1460 armis,
907 1395 1002 1471 atque
1020 1381 1145 1447 insidiis
1161 1404 1252 1470 remp

250 1482 452 1556 optaremus;
473 1469 588 1534 nostris
611 1469 746 1546 erratis,
766 1469 931 1597 nostraqzue
951 1481 1140 1533 cunctorum
1159 1471 1263 1555 culpa,

249 1554 314 1619 Dei
337 1555 489 1620 videlicet
516 1557 564 1617 ira
590 1555 729 1642 peccetis
749 1555 862 1618 nostris
894 1560 911 1634 )
932 1554 1137 1632 imminente,
1168 1553 1244 1617 Rho

249 1641 309 1704 dus
337 1637 444 1705 fuerat
470 1638 599 1720 amissa,
630 1640 796 1722 Hongarie
823 1651 956 1718 vexata,
989 1651 1200 1726 conceptum,
1232 1651 1263 1704 et

248 1724 442 1791 meditatum
472 1737 583 1789 contra
615 1723 761 1802 Italiam,
803 1738 976 1813 contraque
1009 1721 1190 1803 Andriam,
1232 1747 1251 1790 e

248 1809 435 1892 Illyricum,
458 1823 542 1874 terra
564 1812 708 1898 marique
732 1808 875 1875 bellum:
903 1812 1117 1898 curn'impius
1139 1823 1173 1874 et
1199 1811 1246 1875 im

249 1896 343 1960 mitis
365 1897 463 1961 hostis
485 1896 588 1959 noller
609 1897 714 1960 Turca
744 1898 836 1960 nullo
861 1909 1008 1983 tempore
1029 1897 1263 1983 requiesceret·

249 1982 490 2068 nostrorumque
513 1983 599 2044 inter
619 1987 650 2047 se
666 1980 760 2063 odia,
781 1992 813 2044 et
828 1979 1050 2060 dissensiones,
1073 1988 1161 2047 suam
1184 1985 1264 2046 ben

250 2067 407 2147 gerendae
429 2067 475 2129 rei
491 2065 835 2134 occasionemducetet.
878 2067 1000 2149 Igitur,
1024 2080 1058 2130 ot
1075 2069 1250 2131 dicebamu

249 2153 395 2216 intanta
418 2154 599 2229 haeresum,
623 2151 867 2231 dissensionum,
893 2155 1115 2240 bellorumque
1138 2166 1246 2240 tempe

248 2237 341 2315 flete„
373 2239 536 2326 tantisque
571 2237 719 2301 excitatis
749 2239 920 2316 fluctibus,
954 2261 1026 2302 cum
1059 2238 1196 2303 essemus
1226 2262 1255 2301 a·

248 2323 477 2388 moderandam
511 2333 544 2385 et
571 2322 808 2401 gubernandum
830 2324 918 2388 Petri
938 2326 1119 2388 naviculam
1147 2327 1253 2389 vocati

248 2430 308 2481 nec
321 2409 447 2471 viribus
464 2408 525 2489 ipli
542 2406 655 2468 nostris
672 2408 748 2467 satis
763 2406 948 2485 fideremus,
971 2412 1113 2495 primum
1133 2406 1163 2493 ⁰)
1185 2432 1245 2474 con

248 2488 382 2577 jecimus
402 2493 439 2554 in
460 2489 604 2552 Domino
627 2489 785 2568 cogitatus
807 2493 946 2572 nostros,
974 2506 1009 2557 ut
1027 2497 1096 2581 ipse
1118 2515 1180 2559 nos
1202 2517 1246 2559 nu

248 2580 365 2655 triret,
385 2577 591 2661 animumque
615 2573 754 2638 nostrum
773 2577 943 2657 firmitate,
965 2593 997 2642 et
1018 2583 1150 2660 robore,
1171 2603 1246 2646 men

239 2673 316 2725 ¹tem
338 2662 487 2737 consilio,
519 2656 738 2745 sapientiaque
765 2659 941 2730 instruerat.
995 2664 1121 2728 Deinde
1155 2668 1257 2730 anim·

248 2758 453 2832 repetentes,
486 2745 620 2828 majores
647 2745 785 2824 nostros,
813 2749 971 2835 sapientie
996 2751 1197 2832 admirabili,
1233 2773 1264 2815 a¹

248 2835 415 2897 sanctitate
437 2830 617 2917 praeditos,
650 2833 742 2917 saepe
772 2834 808 2896 in
828 2837 960 2900 summis
981 2834 1175 2900 Christianae
1197 2840 1247 2901 rei

248 2921 325 3003 pub.
348 2916 501 3003 periculis
521 2914 699 2980 remedium
723 2919 893 3003 optimum,
916 2933 1009 3008 atque
1031 2924 1247 3010 opportunisli

9 2990 15 3025 ²
112 3044 159 3064 ι.
248 3024 356 3080 ιιιιιιιι,
382 3002 584 3066 oecumenica
612 3003 765 3081 concilia,
799 3018 831 3068 et
851 3008 1075 3093 episcoporum
1097 3011 1259 3091 generale

248 3099 429 3153 conventos
459 3086 661 3161 adhibuisses
692 3089 753 3174 ipli
780 3112 906 3179 quoque
936 3092 1140 3158 animemed
1163 3116 1241 3176 gen

248 3175 317 3237 role
357 3173 539 3238 habendum
582 3173 756 3239 concilium
797 3175 989 3270 adjecimus3
1035 3181 1256 3268 exquisitisqu

247 3257 437 3360 principum
464 3259 654 3336 sententiis,
687 3281 823 3347 quorum
852 3265 947 3327 nobis
968 3265 1137 3329 uidebatur
1171 3267 1258 3329 utili

247 3365 285 3407 ιιι
307 3345 444 3431 primis,
476 3357 508 3408 et
530 3356 713 3431 opportuna
741 3345 781 3410 ud
805 3349 887 3427 lianc
909 3372 977 3414 rem
997 3349 1061 3415 elie
1082 3353 1244 3415 consensio

248 3451 320 3493 curn
348 3451 405 3494 eos
438 3441 514 3494 tuno
545 3453 613 3495 non
644 3431 769 3495 alienos
797 3436 835 3498 ab
864 3435 927 3500 hoo
949 3447 1015 3502 tam
1036 3441 1141 3501 sancto
1165 3459 1256 3523 oper

241 3513 498 3596 invenissemus,
532 3516 772 3584 oecumenicum
794 3521 988 3603 concilium,
1026 3535 1058 3587 et
1079 3525 1256 3605 generales

283 3765 312 3832 2)
332 3762 456 3818 collectio
483 3765 580 3822 Concil.
606 3766 690 3823 nabo.
710 3771 793 3826 XIV.
816 3771 945 3827 hebetia
964 3774 1096 3848 margine:
1121 3774 1158 3831 ol.
1183 3774 1250 3830 dilsr

282 3834 421 3894 dentibus.
440 3866 477 3879 -
511 3839 541 3906 3)
560 3836 659 3894 nolitis
677 3859 726 3897 om.
744 3844 834 3899 Hasd.

280 3937 310 4006 ls)
327 3941 388 3999 soa.
406 3951 449 4012 10,
469 3960 503 4004 to.
521 3973 557 3987 -
594 3946 621 4013 o)
638 3944 687 4013 Ps,
701 3951 753 4015 ets
765 3965 803 4007 as·
