2528 4522
7 3918 9 3926 ¹
25 3906 38 3937 0

187 263 267 337 234
405 245 499 353 App.
522 245 554 321 1.
577 247 627 321 od
646 244 783 321 Coneil
804 245 971 363 Trident,

182 439 312 511 amus,
342 428 391 501 ¹ad
414 429 477 497 Dei
504 431 743 519 omnipotentis
768 429 913 510 laudern,
951 429 991 496 de
1018 432 1196 497 eorundem

186 516 334 585 fratrum.
353 516 530 585 noflrorum
557 520 707 596 consitio,
737 529 769 582 et
789 512 908 581 allanto
918 565 929 597 ,
957 519 994 582 in
1014 519 1195 583 oonfistorio

187 605 293 671 nollro
315 605 435 668 sacrato
463 605 522 667 illa
550 606 681 683 omnia,
701 616 743 669 et
764 604 883 684 lingula
905 605 1091 667 auctoritare
1113 626 1197 690 apo-

113 723 116 730 ·
187 691 294 753 bolico
324 688 422 754 bodie
452 691 734 768 confirmavimus,
766 700 799 753 et
833 690 871 751 sb
902 690 1051 753 omnibus
1083 688 1196 753 Christi

187 776 338 841 fidelibus
374 774 592 860 suscipienda,
624 798 659 839 ao
691 772 842 841 servanda
879 773 942 838 ella
976 775 1197 851 deerevirnus3

186 863 265 925 licut
300 863 415 924 harum
443 882 568 947 quoque
596 860 776 925 litterarum
812 870 924 924 tenore
955 861 993 922 ad
1025 861 1197 927 clariorem

188 947 335 1012 omniurn
356 948 506 1010 notitiam
526 948 767 1019 confirmamus,
796 957 828 1008 et
848 946 984 1032 suscipi,
1015 949 1197 1009 observari-

188 1055 251 1120 que
271 1032 482 1097 decernimus.
535 1031 722 1097 Mandemus
751 1045 855 1095 autern
876 1032 912 1094 in
935 1032 1054 1095 virtute
1074 1032 1197 1095 sanctae

189 1117 410 1196 obedientiae,
430 1129 462 1181 et
483 1119 539 1182 l‘ub
559 1120 675 1203 poenis
697 1140 715 1182 a
734 1116 828 1181 saeris
850 1117 1023 1181 canonibus
1044 1118 1199 1181 ronllitu-

188 1204 251 1280 tis,
281 1204 355 1267 aliis
380 1226 418 1266 ue
446 1204 664 1283 grnrioribus‚
690 1204 793 1269 etiarn
817 1202 1030 1288 privationis,
1062 1205 1197 1266 arbitrio

189 1290 293 1353 noll'ro
316 1227 521 1373 indigentiis,
549 1289 724 1367 univarfia,
755 1301 788 1353 et
807 1284 939 1369 lingulis
961 1291 1199 1352 venerabilibus

190 1372 340 1438 fratribus
361 1375 493 1449 nostris,
515 1375 717 1460 patriarchis,
737 1372 1003 1458 archiepiscopis,
1026 1375 1200 1459 episcopia,

189 1474 221 1524 ot
242 1461 318 1523 aliis
350 1461 518 1548 quibusvis
549 1462 746 1527 eccleliarurn
777 1462 946 1546 praelatis,
977 1458 1200 1546 cujuscumque

188 1545 298 1622 batus,
319 1545 449 1626 gradus,
472 1543 610 1622 ordinis,
631 1558 664 1609 st
684 1546 851 1628 dignitatis
872 1546 944 1621 lint,
967 1547 1062 1608 etiarn
1083 1546 1107 1607 fi
1128 1567 1200 1608 car-

189 1630 351 1694 dinalatus
379 1632 505 1694 bonore
532 1627 770 1717 praefulgeant,
805 1640 839 1695 ul
859 1631 970 1694 eedem
993 1630 1134 1708 decreta,
1165 1641 1199 1693 at

189 1716 299 1777 flatura
319 1716 355 1778 in
376 1716 512 1780 eccleliis
531 1717 614 1792 luis,
635 1717 841 1792 civitatibus,
869 1728 900 1779 et
921 1715 1132 1794 dioecalibus,
1161 1717 1199 1779 in

168 1799 326 1897 judicio,
359 1811 391 1863 at
416 1812 507 1863 extra
532 1800 685 1884 judiciuin
712 1802 886 1882 diligenter
907 1803 1094 1879 observent,
1129 1811 1200 1864 sla

189 1886 326 1950 subditis
346 1885 479 1972 quisquo
499 1887 584 1966 tuis,
604 1887 642 1949 ad
663 1909 743 1974 qnos
764 1885 1007 1974 quomodolibet
1026 1887 1201 1972 pertinent,

190 1970 429 2035 inviolabiliter
450 1968 567 2036 laniant
595 1971 777 2037 observari:
805 1972 1056 2037 contradictores
1077 1972 1200 2058 quosli-

171 2058 261 2133 fbet,
276 2069 309 2120 et
329 2070 538 2136 contumaces,
564 2068 622 2143 per
638 2058 829 2134 sententias,
848 2063 1006 2136 censuras,
1026 2068 1059 2121 et
1078 2079 1200 2144 poenas

191 2144 427 2219 ecclesiasticas,
450 2143 548 2208 etiarn
568 2146 603 2207 in
623 2144 702 2230 ipfis
720 2143 857 2208 decretis
878 2154 1061 2220 contentos,
1083 2145 1200 2229 appel-

191 2229 315 2293 latione
344 2228 525 2317 pollpolita,
559 2229 805 2315 compascendo:
839 2230 992 2294 invocaro
1027 2229 1143 2307 etiarn,
1176 2229 1199 2292 fi

193 2337 276 2402 opus
299 2312 413 2393 luerit,
451 2315 573 2378 brachii
602 2317 770 2381 saecularis
799 2316 935 2383 auxilio.
993 2312 1101 2401 Ipsum
1120 2337 1198 2378 vero

190 2401 380 2464 oarilsnnnsn
410 2403 515 2464 tilium
546 2402 684 2465 nostrum
712 2403 940 2487 imperatorem
961 2401 1115 2478 alestorn,
1146 2423 1200 2464 ce-

192 2496 341 2570 terosque
371 2506 480 2566 rages,
511 2488 724 2571 respublicas,
755 2509 790 2551 ec
819 2487 983 2574 principes
1004 2483 1199 2549 Christianos

191 2590 375 2640 monemus,
408 2581 440 2633 et
471 2591 529 2652 per
556 2570 673 2634 viscera
693 2571 929 2638 misericordiae
958 2572 1083 2638 domini
1102 2573 1200 2636 nostri

192 2652 264 2716 lesu
288 2653 401 2715 Clrrilli
424 2655 627 2732 obtollnrnur,
660 2667 713 2733 ut,
746 2679 806 2744 qua
838 2658 958 2742 pietate
979 2657 1116 2720 concilio
1140 2679 1200 2740 per

193 2750 335 2801 ornloree
356 2739 427 2801 loos
448 2740 625 2819 affuerunt,
645 2740 756 2806 sedern
778 2742 913 2829 pietate,
942 2764 977 2805 ac
999 2742 1069 2828 pari
1087 2742 1198 2819 studio,

191 2825 298 2887 divini
328 2826 484 2902 honoris,
522 2840 553 2888 et
577 2829 770 2912 populorum
802 2834 930 2892 luorum
959 2828 1068 2892 salutis
1100 2832 1200 2904 eausa,

191 2931 252 2997 pro
276 2909 359 2975 ledis
385 2933 510 2998 quoque
531 2913 738 2997 apostolicas,
770 2925 803 2977 et
830 2906 932 2979 sacrus
957 2913 1076 2995 synodi
1105 2935 1198 2976 reva-

190 2997 312 3072 rentia,
346 2996 383 3058 sd
404 2997 542 3079 ejusdern
564 3000 692 3062 concilii
712 3001 916 3085 exequenda,
948 3011 982 3064 et
1003 2999 1198 3066 observanda

191 3083 313 3146 decreta
335 3085 503 3168 praelatis,
525 3105 596 3147 curn
618 3106 698 3169 opus
718 3081 834 3163 fuerit,
859 3085 1004 3164 auxilio,
1031 3097 1063 3148 et
1083 3082 1197 3148 lavore

191 3172 248 3231 luo
270 3169 380 3243 adlint,
400 3191 503 3257 neque
523 3170 725 3234 adversantes
751 3172 863 3249 lanae,
879 3193 915 3234 ao
934 3170 1064 3235 salutari
1087 3172 1197 3233 conci-

191 3253 232 3315 lii
255 3253 415 3317 doctrinae
438 3256 609 3340 opiniones
630 3277 647 3318 a
667 3259 799 3342 populis
823 3255 961 3321 ditionis
993 3262 1066 3321 luae
1094 3255 1197 3339 recipi
1249 3267 1257 3282 ‘

130 3417 134 3425 Ι
191 3341 391 3423 permittant,
415 3345 466 3403 led
485 3336 675 3426 suspenitus
688 3343 889 3406 interdicant.
921 3340 973 3406 Ad
988 3339 1197 3424 vitandu1n5)

191 3436 354 3508 praeterea
388 3429 639 3511 perverlionasn,
671 3439 704 3490 et
740 3423 973 3505 consulionern,
1005 3450 1085 3514 quea
1115 3427 1197 3490 oriri

191 3508 314 3593 pollet,
346 3512 561 3600 fiunicuiqus
582 3514 712 3592 liceret,
740 3526 839 3600 prout
859 3515 891 3578 ei
916 3517 1047 3590 liberet,
1080 3515 1116 3576 in
1138 3514 1197 3575 de-

191 3605 275 3658 creta
305 3597 435 3659 concilii
463 3600 727 3674 commentarios,
752 3610 784 3662 et
812 3601 1094 3687 interpretationes
1128 3603 1199 3663 suas

191 3679 303 3755 edere3
333 3682 499 3764 apostolice
519 3685 706 3748 auctoritate
729 3683 913 3750 inhibemus
934 3685 1099 3762 omnibus,
1132 3696 1196 3746 laur

192 3765 400 3830 ecolefiallicia'
422 3770 586 3852 perl'onis,
606 3770 826 3858 cujuscumque
846 3774 906 3837 tint
926 3771 1061 3850 ordinis,
1084 3772 1199 3834 condi-

525 3889 634 3901 ''n-

227 3945 256 4011 3)
274 3942 409 3998 vitandans
431 3943 536 4003 Haud„
551 3946 628 4005 Rom.
644 3947 686 4004 Μ.
705 3955 733 4000 et
751 3946 788 4001 ol.
