2528 4522
119 269 195 353 aes
340 257 435 361 epp.
457 256 504 334 11.
529 258 577 333 aa
600 239 749 331 Protea
774 255 891 328 estet
953 261 955 265 ’
1002 347 1005 351 .
1058 343 1066 349 ,

184 445 350 514 XXXV.
371 440 508 509 Animae
535 434 758 510 defunctorum
787 447 940 523 purgatae
969 457 1054 500 mox
1080 459 1134 501 re·

120 548 221 621 guent
243 556 314 597 cum
336 530 457 595 chrito
480 532 515 592 in
539 530 641 606 coelo,
665 539 698 591 et
710 527 833 587 animae
853 524 1034 608 impiorum
1057 523 1134 586 binc

120 624 315 705 migrantes,
336 615 541 702 sempiternis
561 609 683 678 inferni
703 610 870 674 traduntur
891 608 1078 694 suppliciis.

181 701 361 769 XXXVI.
381 701 479 765 Recte
499 698 568 762 Deo
598 709 672 762 vota
692 691 838 759 facimus.
904 693 989 757 Tam
1016 715 1135 757 mona-

8 853 14 867 ,
50 777 53 783 ¹
120 791 210 873 llice,
232 810 325 878 quem
347 788 413 851 alia
432 782 513 848 facta
530 785 674 865 obligant
693 782 776 867 apud
791 781 913 857 Deum,
934 803 994 842 nec
1014 780 1134 842 adver-

119 879 227 942 santur
253 873 396 936 libertati
423 871 647 949 evangelicae,
704 888 763 931 uae
791 888 809 929 a
837 867 975 953 peccetis
996 865 1132 928 libertas

122 961 180 1041 ott,
212 970 245 1023 et
265 961 336 1036 his,
369 978 447 1044 quea
468 956 615 1040 spiritum
636 890 774 1017 nuatum
795 974 921 1040 quoquo
943 949 1045 1012 modo
1069 951 1135 1013 im·
1162 1029 1165 1036 Ι

120 1046 273 1134 pedient,
306 1065 370 1130 quo
392 1043 499 1105 minus
523 1052 612 1104 totus
628 1039 698 1102 Deo
720 1040 859 1103 serviet:
895 1058 962 1100 non
985 1046 1134 1099 autema

120 1131 194 1196 voti
214 1141 246 1193 et
267 1129 436 1214 juramenti
457 1126 673 1206 obligatione,
704 1144 763 1190 nec
790 1125 828 1189 ab
849 1123 1036 1187 obedientie
1063 1143 1135 1188 ma-

14 1208 17 1215 ’
119 1216 263 1300 gistratua
281 1212 472 1281 ecclefimici
491 1213 547 1279 vel
564 1209 745 1280 saecularia.

604 1435 652 1504 11.

122 1558 276 1628 Decreta
297 1568 334 1624 at
357 1556 518 1626 Articuli
569 1558 626 1623 dei
640 1553 796 1644 jurandi
814 1575 880 1643 per
889 1553 1083 1645 Episcopus
1102 1567 1137 1625 et

122 1644 213 1708 aliea
236 1640 422 1708 Praelotoa
453 1643 489 1707 iu
539 1641 736 1742 uaceptioue
767 1641 922 1737 muneris
951 1643 1138 1728 coofiecru-

124 1725 251 1810 tionis,
264 1725 442 1817 publicati
463 1724 599 1792 Romae
618 1750 655 1791 m
678 1723 873 1814 Conststorco
889 1748 950 1876 pp.
971 1728 1009 1796 S,
1029 1728 1138 1794 Mar.

313 1833 392 1877 cum
412 1810 448 1876 d.
468 1810 489 1877 1
495 1810 534 1880 V
530 1851 547 1878 „
561 1808 697 1900 Septbr.
718 1832 753 1877 a.
775 1807 888 1877 MDL
927 1855 936 1874 .

187 1951 375 2034 Symbolum
397 1947 643 2038 Apostolorum,
676 1952 809 2030 atalia,
838 1975 916 2039 quae
939 1954 976 2015 eb
998 1951 1138 2021 Ecclesia

121 2034 196 2102 lunt
215 2048 358 2123 recepte,
379 2038 541 2102 uniret-saa
562 2037 770 2103 Traditiouea
791 2058 862 2115 eas,
890 2060 969 2124 quae
991 2060 1009 2100 a
1030 2045 1138 2105 senate

123 2120 205 2186 Sede
215 2123 396 2207 apostolica,
417 2122 478 2208 [et]
491 2123 635 2187 Romame
645 2122 789 2199 Ecclesia,
812 2123 1139 2206 divineetcenseutur,

123 2218 156 2272 at
180 2229 259 2296 quae
278 2209 316 2270 ab
336 2210 413 2296 ipsis
432 2207 597 2297 Apostolia
618 2209 702 2295 quasi
725 2230 783 2294 per
802 2229 913 2271 ananus
935 2209 973 2272 etl
995 2232 1059 2273 nos
1081 2236 1140 2276 us-

124 2315 186 2380 que
215 2304 449 2379 pervenerunt,
478 2308 573 2383 atque
604 2296 805 2358 oecumenica
835 2293 979 2357 Concilio
1012 2296 1048 2358 in
1084 2299 1138 2377 iis,

147 2400 203 2442 uee
224 2380 264 2441 de
287 2378 350 2441 fide
373 2380 562 2456 decernunt,
584 2382 688 2443 veluti
708 2384 825 2443 sacrem
846 2379 1043 2466 Scriptucam
1067 2405 1139 2448 cra-

122 2400 249 2540 iiimue,
271 2465 513 2548 amplectimur,
535 2476 568 2527 at
589 2486 789 2529 veneramur.

186 2549 299 2613 Sacrae
334 2547 523 2632 Scripturae'
551 2551 640 2632 juxte
672 2554 795 2613 sanctae
827 2546 941 2612 Matris
978 2547 1136 2621 Ecclesiae

122 2632 265 2710 sensum,
285 2632 476 2718 Patremque
497 2634 682 2697 consensum
702 2634 957 2718 interpretandae
977 2639 1063 2701 sunt.

187 2719 301 2782 Sancta
327 2718 498 2804 apostolica
522 2718 636 2795 Sedes,
673 2729 705 2781 et
724 2717 889 2782 Rotnauus
910 2718 1067 2788 Pontifex
1099 2724 1137 2790 in

122 2802 306 2867 universum
342 2807 452 2867 orbem
483 2814 573 2867 tenet
597 2803 793 2880 Primatum,
826 2804 957 2891 ipseque
977 2804 1137 2875 Pontifex

121 2887 286 2953 Rotnanus
306 2887 459 2952 successor
479 2889 520 2953 att
542 2889 640 2964 Petri,
660 2891 820 2974 principis
840 2884 1081 2975 Apolltilorum,
1105 2908 1138 2960 et

122 2994 219 3038 verus
241 2971 356 3037 christi
377 2973 546 3054 Vicarius,
578 2976 742 3061 totiusque
763 2974 917 3038 Ecclesiae
937 2972 1058 3062 Caput,
1103 2994 1137 3045 et

123 3061 270 3123 omnium
292 3058 542 3126 Christianorum
566 3060 658 3124 Peter
679 3073 712 3124 et
731 3060 855 3125 Ductor
872 3061 997 3139 existit,
1018 3077 1052 3127 et
1072 3065 1135 3152 ipsi

121 3142 159 3205 in
181 3147 272 3206 beato
292 3143 388 3207 Petro
412 3145 579 3228 pascendi,
602 3145 749 3226 regendi,
783 3156 815 3208 at
836 3149 1033 3225 gubernandi
1055 3155 1136 3214 uni-

122 3229 275 3293 versalem
296 3227 465 3293 Ecclesiam
485 3228 662 3294 eDomiuo
683 3231 787 3293 nostro
809 3230 1014 3297 JeIuChrilto
1036 3229 1135 3320 plena

122 3314 258 3396 poteslas
279 3315 394 3387 tradita
416 3314 467 3379 est,

184 3395 295 3461 Norae
317 3399 414 3480 Legis
433 3404 554 3484 septem
575 3402 647 3462 sunt
669 3398 868 3462 Sacramenta
891 3422 908 3463 a
930 3402 1051 3467 Christo
1076 3405 1135 3470 in-

120 3477 253 3558 stitute,
282 3495 317 3546 ut
337 3483 520 3570 Baptismus
541 3496 600 3550 etc.
626 3505 704 3571 quae
732 3505 799 3547 non
831 3488 935 3550 solum
954 3490 1135 3570 significant

38 3594 43 3621 r
121 3565 277 3711 gratfiam,
307 3568 477 3634 sedetiam
499 3571 682 3647 continent,
714 3589 748 3632 ec
770 3569 866 3654 digne
886 3573 1133 3660 suscipientibus

121 3672 181 3713 con
198 3661 301 3715 erunt.

185 3733 366 3820 Baptismus
387 3736 581 3804 adsalutem
609 3736 760 3802 omnibus
788 3742 975 3805 mortalibus
1007 3745 1049 3808 est
1073 3769 1134 3810 ne-

121 3821 287 3897 cessarius,
308 3821 406 3886 etiam
426 3821 624 3889 insentibus:
644 3823 730 3887 delet
747 3847 825 3889 vero
845 3850 973 3893 omnem
995 3834 1133 3916 culpam,

122 3917 154 3968 et
175 3907 366 3996 originalem
387 3918 419 3970 et
437 3912 609 3988 actualem,
639 3909 729 3972 fitttul
760 3934 897 3996 poenam
918 3938 1048 3980 omnem
1071 3941 1133 4004 pro

694 4183 750 4300 a
832 4360 834 4364 ,
