2528 4522
115 280 118 285 ’
191 286 268 361 240
407 269 500 371 App.
524 270 554 345 1.
576 272 623 345 ad
640 269 783 343 -concil.
808 267 969 345 'liidant

187 460 307 527 nostrae
328 456 505 523 uoluntatis
526 457 583 536 lit,
610 456 743 535 utilia,
775 468 807 520 et
826 455 947 542 pariter
969 453 1094 520 decreta
1114 454 1196 520 lacri

187 547 319 612 concilii
330 543 533 621 Tridentini,
554 543 590 606 in
611 542 679 623 his,
701 561 780 629 quae
800 544 839 605 ad
862 563 972 604 eorum
994 541 1096 606 officia
1117 544 1195 628 spe-

190 645 294 708 ctant,
325 632 362 693 ab
384 629 504 692 eisdern
528 627 660 691 ornnino
679 631 902 692 observentur:
936 627 1002 690 Nos
1020 639 1194 714 propterea

187 716 433 791 considerantes,
457 736 569 800 parurn
592 713 672 790 eise,
690 715 757 797 jura
778 711 932 790 condere,
954 713 1013 774 nili
1034 714 1113 789 fint,
1136 713 1194 800 qui

185 825 222 866 ea
243 803 425 864 executioni
438 798 619 863 demandari
634 795 762 889 faciant,
783 808 815 860 et
835 799 870 860 in
885 799 1072 883 praernillis,
1095 810 1194 884 prout

87 888 90 894 ⁴
185 910 228 952 ex
248 887 355 950 debito
371 886 531 970 pastoralis
554 884 652 949 officii
672 884 767 946 nobis
789 884 927 961 (meritis
956 885 1032 946 licet
1053 885 1193 968 impari-

184 975 259 1051 bus)
281 972 414 1055 injuncti
442 972 639 1051 obligamur,
669 968 836 1058 lulpbriter
868 978 901 1031 et
929 970 1053 1033 utiliter
1074 970 1193 1055 provi-

184 1056 275 1133 dere,
298 1051 517 1143 praefataeque
539 1056 794 1132 constitutiones,
824 1063 858 1117 et
878 1052 1119 1134 ordinationes,
1154 1077 1191 1118 ac

183 1142 307 1206 decreta
329 1142 476 1216 concilii,
499 1161 574 1228 quas
594 1152 627 1204 et
647 1160 727 1227 quae
747 1140 802 1202 hic
822 1139 935 1201 baberi
956 1142 1107 1204 volumus
1131 1158 1191 1222 pro

182 1228 351 1314 expreliis,
371 1227 605 1290 inviolabiliter
627 1224 789 1289 observari
811 1224 977 1288 volantes:
1012 1227 1193 1291 venerabili

183 1309 277 1376 fratri
304 1311 407 1376 nostro
427 1310 548 1375 Joanni
579 1310 729 1398 episcopo
752 1308 921 1376 Tusculan.
945 1307 1102 1386 Morene,
1136 1311 1191 1375 Jo.

181 1396 335 1462 Michaeli
356 1401 478 1461 sanctae
499 1394 674 1461 Anastafiae
695 1396 869 1471 Saracena,
906 1415 940 1457 ac
964 1394 1014 1459 Jo.
1034 1395 1192 1482 Baptistae

141 1552 144 1557 ,
181 1482 216 1546 8.
239 1482 413 1547 Clementis
430 1480 571 1561 cicadae,
591 1503 717 1547 necnon
726 1479 885 1544 'Michaeli
904 1478 937 1542 S.
959 1480 1093 1545 Sabinae
1108 1480 1193 1546 Ale-

180 1569 359 1642 xandrino,
392 1565 550 1630 Clementi
572 1565 604 1628 S.
625 1567 747 1640 Mariae
770 1565 805 1629 in
827 1582 880 1628 ara
900 1567 996 1646 caeli,
1028 1578 1060 1631 et
1082 1567 1193 1631 Ludo-

181 1655 256 1717 vico
276 1653 375 1718 lancti
395 1649 520 1733 Cyriaci
540 1653 576 1714 in
590 1648 750 1714 Thermis
773 1650 987 1727 Simonettae,
1016 1666 1051 1716 a'c
1072 1651 1189 1716 Garolo

179 1738 280 1803 lancti
291 1735 423 1799 Martini
443 1737 479 1799 in
500 1734 868 1800 montibusBo'rromaao
909 1740 1091 1818 resbyteris,
1111 1761 1191 1802 nec-

180 1845 249 1887 non
273 1821 451 1885 Vitallotio
475 1820 508 1884 S.
529 1820 649 1885 Mariae
675 1820 712 1884 in
740 1823 867 1908 porticu
885 1756 1031 1886 Pi'itellio
1064 1847 1191 1888 nuncu-

180 1910 283 1993 patis,
301 1908 481 1983 titulorum,
505 1904 640 1970 diacono
662 1904 1134 1987 cardinalibuscommittimus,
1156 1922 1190 1973 et

179 1993 383 2057 mandamus:
413 2003 568 2078 quatenus
586 1993 662 2078 ipli,
683 1995 736 2056 lau
754 2013 866 2056 eorurn
883 1994 983 2076 major
1003 2016 1086 2080 pars,
1107 2018 1189 2058 con-

178 2078 404 2161 junctim,yel
426 2077 570 2155 divilirn,
597 2098 709 2147 eorum
727 2078 879 2154 arbitrio,
898 2080 1008 2159 [etiarn
1028 2090 1188 2167 tamquam

180 2176 368 2229 executores
390 2162 545 2227 dictarum
566 2162 761 2241 litterarum,
782 2163 1051 2244 constitutionum,
1076 2179 1107 2228 et
1129 2167 1189 2230 de-

179 2261 338 2313 cretorum
357 2245 594 2335 praedictorum
616 2248 878 2326 constitutiones,
903 2261 935 2313 et
957 2250 1188 2330 ordinationes,

178 2355 215 2397 ac
239 2335 363 2403 decreta
385 2330 525 2419 praefata
546 2337 636 2419 juxta
658 2345 786 2419 tenores
808 2355 929 2413 eorum,
951 2356 985 2397 ac
1007 2337 1188 2404 litterarum

177 2419 309 2506 desuper
331 2414 561 2496 confectarum,
595 2441 652 2507 per
675 2418 889 2511 quoscuriique
909 2423 1187 2505 poenitentiariae,

176 2505 316 2569 vicariae
337 2516 369 2589 et
391 2510 543 2581 camerae,
564 2525 598 2585 ac
622 2515 711 2568 rotae
732 2505 905 2583 curiarum,
925 2506 959 2591 a'c
976 2509 1185 2573 tribunalium

177 2590 411 2676 praedictorum
440 2589 559 2671 judices
574 2586 620 2652 ''et¹
642 2586 815 2675 officiales,
847 2593 902 2654 sub
926 2592 1186 2656 encorirruunica-

176 2676 278 2738 tionis
305 2676 388 2736 latae
410 2675 603 2752 sententiaa,
627 2674 671 2735 'ac
697 2668 895 2759 ’priiationis
923 2676 1120 2756 officiorum,
1152 2691 1186 2742 et

176 2762 252 2823 aliis
274 2757 394 2823 eisdem
418 2760 629 2821 cardinalibus
651 2760 729 2825 beue
752 2760 840 2841 vifis,
859 2761 956 2825 etiam
968 2765 1183 2847 pecuniarum,

177 2868 215 2910 eo
238 2847 307 2931 ipso
331 2844 529 2908 incurrendis
551 2844 684 2930 poenis,
716 2844 853 2924 firmiter
874 2849 1036 2911 observari
1055 2845 1184 2928 faciant,

177 2943 303 2995 etcum
327 2931 458 2993 effectu:
489 2929 565 3006 nifi,
588 2940 653 2992 tarn
673 2930 709 2994 iri
727 2932 923 2996 'executione
945 2931 1102 2997 dictorum
1125 2936 1185 2999 de-

176 3028 335 3079 cratonum
351 3014 493 3092 concilii,
516 3036 608 3102 quarn
631 3015 783 3080 dictarum
801 3018 980 3081 litterarum
1000 3021 1184 3098 nostrarum,

175 3103 282 3188 aliqua
304 3100 465 3177 dubietas,
498 3113 552 3163 aut
572 3099 740 3164 difficultas
761 3105 943 3167 emerserit!
966 3126 1029 3191 quo
1052 3112 1121 3168 calu
1144 3107 1183 3169 ad

175 3206 237 3249 nos
259 3181 599 3275 reseram-invocato
622 3187 718 3251 etiam
746 3188 794 3250 ad¹
808 3189 891 3266 hoc,
925 3189 949 3251 fi
971 3210 1051 3274 opus
1073 3186 1183 3269 fuerit,

176 3271 301 3333 auxilio
323 3272 448 3334 brachii
475 3271 662 3350 laecularia,
696 3272 734 3335 ad
757 3271 876 3351 ²nos,
907 3276 1118 3360 qui'litteris,
1149 3289 1183 3339 et

135 3356 139 3365 '
173 3352 310 3419 decretis
331 3358 522 3442 praedictis,
558 3369 594 3420 et
611 3358 796 3435 eorumdem
818 3359 1027 3422 cardinalium
1046 3361 1182 3424 manda-

174 3438 221 3502 tis
241 3461 308 3503 non
329 3443 510 3526 paruerint,
527 3464 569 3521 ex
590 3448 799 3529 tunctffprour
820 3463 863 3507 ex
883 3442 993 3508 eadem
1012 3445 1075 3521 die,
1108 3459 1141 3510 et
1163 3468 1182 3510 e

175 3534 304 3601 contra,
338 3528 471 3592 illorum
496 3520 620 3592 officiis
638 3529 803 3614 privatos,
833 3551 959 3594 necnon
980 3529 1020 3593 ad
1039 3532 1117 3610 illa,
1149 3544 1182 3596 et

175 3610 240 3673 alia
261 3606 425 3677 Romanae
443 3615 553 3683 curiae
569 3612 674 3677 officia
693 3614 732 3677 in
754 3615 909 3700 posterum
932 3617 1105 3681 obtinenda
1126 3616 1182 3680 in-

174 3693 382 3771 haliiles,··ac
409 3698 484 3784 iplis
514 3701 553 3762 ab
579 3699 718 3765 eisdem'¹
732 3699 849 3764 officiis
873 3702 919 3764 'fic
938 3703 1091 3788 privatis,
1123 3703 1200 3765 illa·

176 3791 335 3867 tamquam
354 3800 414 3867 per
439 3783 657 3870 privationem
677 3787 835 3852 recentia
861 3792 899 3849 ⁴a'
919 3786 1040 3851 datario
1066 3788 1179 3852 nuliro

96 3985 105 3995 ·
207 3956 238 4024 2)
255 3971 288 4011 ac
301 3972 352 4028 pro
369 3953 404 4021 ad
420 3952 511 4009 Horu.
