2528 4522
369 222 533 320 Regulac
561 223 608 294 de
627 168 734 321 ,liban
755 223 900 321 prohib.
1065 239 1149 312 311.

134 406 227 475 xiani
245 409 401 495 prologus
411 421 445 473 et
460 410 691 496 prolegomena
710 408 953 497 praecidantura
973 410 1041 496 ejua
1061 433 1144 479 vero

134 507 276 573 textum,
297 518 393 560 neruo
418 507 544 560 textum
564 497 713 578 vulgatae
725 497 881 561 editionis
897 496 1143 563 ell'eexidimet.

197 579 262 644 IV.
284 579 364 644 Gom
386 583 611 667 experimento
634 578 831 647 manifestum
851 584 908 661 fit,
939 582 1142 649 filacrabi-
1234 596 1263 637 ἰ

132 667 196 729 blia
211 668 338 746 vulgari
358 669 469 747 lingua
488 667 601 753 palfim
619 669 684 732 line
702 668 888 732 discrimine
905 671 1148 754 permittentem

130 754 206 838 plue
226 753 321 830 inde,
343 756 384 815 ob
407 754 576 818 hominum
597 754 807 818 temeritatem
826 755 1027 834 detrimenti,
1047 778 1143 842 quam

131 839 282 900 utilitatis
305 840 402 918 oriri,
438 839 495 902 bac
524 841 561 902 in
589 851 680 926 parte
707 840 826 924 judicio
847 840 992 926 episcopi
1010 842 1144 906 antuin-

129 925 292 1010 quifitoris
312 924 422 986 lletur:
456 936 493 988 nt
512 945 584 988 cum
606 927 736 991 confilio
756 927 909 1012 parochi,
939 928 993 991 rel
1013 923 1144 993 tantae·

128 1009 222 1087 larii,
255 1011 428 1074 bibliorum
458 1031 477 1072 a
504 1011 677 1076 catholicie
700 1013 881 1075 auctoribus
902 1017 1069 1076 verlbroru
1089 1014 1145 1077 le·
1174 1036 1182 1043 ··

128 1095 269 1158 ctionem
291 1097 326 1158 in
349 1096 478 1178 vulgari
497 1097 609 1178 lingua
626 1098 679 1160 eia
701 1097 875 1160 concedere
892 1097 1028 1184 palliat,
1061 1118 1143 1188 quoa

128 1181 356 1245 intellexerint
375 1202 419 1245 ex
439 1181 627 1265 hujusmodi
646 1183 798 1259 lectione,
816 1204 885 1246 non
904 1182 1067 1261 damnum,
1081 1182 1145 1264 xled,
1227 1224 1233 1239 ι

128 1264 207 1327 fidei
236 1278 331 1353 atque
362 1267 494 1352 pietatis
528 1269 733 1351 augmentum
764 1288 880 1354 capere
901 1266 1012 1353 polle:
1047 1290 1144 1354 quam

127 1346 313 1416 facultatem
330 1352 367 1415 in
388 1351 517 1437 scriptia
537 1353 685 1418 habeant.
727 1347 797 1437 Qui
818 1362 924 1416 autem
944 1353 999 1416 aba
1022 1353 1143 1417 netuli

128 1433 278 1500 facultate
299 1457 336 1500 ee
357 1420 465 1517 legere
485 1440 541 1501 feu
563 1439 681 1505 habere
696 1438 949 1524 praelumpleait,
995 1439 1001 1453 '
1037 1439 1142 1522 ⁸priua

128 1521 238 1584 bibliis
273 1522 439 1585 ordinario
470 1522 626 1601 redditis,
669 1536 871 1608 peecatorum
907 1523 1144 1588 absolutionem

126 1607 294 1692 percipere
316 1628 384 1670 non
406 1608 512 1692 pellit.
558 1606 766 1694 Bibliopolae
795 1631 892 1684 vero,
925 1609 984 1695 qui
1011 1607 1147 1694 praedi-f

127 1704 211 1754 ctam
232 1687 414 1756 facultatem
446 1715 515 1757 nun
545 1694 678 1757 habenti
710 1693 809 1759 biblia
836 1693 1146 1774 idiomatevulgerb·

127 1779 307 1863 conscripta
328 1774 551 1855 vendiderint,
583 1781 639 1843 vel
664 1779 729 1842 alio
752 1778 990 1867 quovismodo
1010 1779 1142 1843 concel-

127 1863 241 1941 lerint,
272 1863 429 1928 libroruin
461 1866 619 1948 pretium,
654 1865 692 1928 in
721 1869 806 1929 ulus.
828 1865 908 1950 pica¹
927 1866 965 1928 ab
987 1865 1141 1951 episcopo

127 1950 398 2028 convertendum,
427 1951 594 2027 amittant,
634 1951 773 2036 alliaque
800 1950 916 2035 poeuis
946 1971 1007 2034 pro
1030 1950 1144 2014 delicti

127 2037 281 2120 qualitate
304 2036 445 2119 ejusdem
466 2034 616 2120 episcopi
634 2037 768 2099 arbitrio
783 2035 981 2118 subjaceant.
1011 2033 1147 2120 'Regu--

126 2121 211 2182 lares
240 2143 317 2194 vero
341 2144 409 2185 non
435 2122 494 2183 nili
516 2117 665 2182 facultate
695 2143 714 2184 a
745 2121 898 2206 praelatis
927 2118 998 2184 iaie
1022 2118 1147 2200 hubin,

128 2226 166 2266 ca
185 2206 309 2282 legere,
330 2217 383 2267 aut
405 2227 510 2268 emere
532 2205 688 2290 poltint⁸¹
906 2252 909 2259 .
989 2262 991 2266 Α
1023 2256 1026 2263 .
1080 2222 1082 2227 ·

163 2348 165 2352 .
188 2291 232 2352 V.
253 2290 344 2351 Libri
365 2289 437 2374 illi,
460 2293 518 2375 qui
539 2291 774 2352 haereticorum
795 2298 961 2351 auctorum
975 2287 1145 2374 morata-2

127 2373 253 2437 tendum
277 2374 454 2459 prodeunt,
488 2376 524 2437 in
557 2374 792 2461 quibuanulla
820 2384 875 2436 eut
894 2393 992 2457 pauet
1012 2371 1141 2438 ²(latrat)
1250 2397 1253 2403 ·

126 2471 314 2546 apponunt,
334 2460 387 2524 sed
410 2461 550 2536 aliorum
571 2460 654 2523 dicta
674 2461 850 2540 colligunt,
871 2457 1050 2542 cujusmodi
1069 2462 1160 2544 lunt„

112 2546 249 2623 denica,
284 2544 546 2629 concordantiae,
577 2544 869 2632 apophthegmata,
891 2544 1148 2621 dimilitudinaa,

124 2631 268 2709 indices,
288 2645 321 2695 et
337 2631 549 2716 hujusmodi,
578 2630 863 2717 honae-babeant
882 2630 1039 2718 admittat,
1061 2637 1145 2716 quad

126 2720 363 2804 expurgatione
400 2717 585 2796 indigeant,
613 2718 699 2781 illia
723 2716 874 2802 ‚episcopi
906 2714 1144 2802 etzinqnititoa

125 2805 192 2878 rie,
212 2827 275 2867 una
298 2826 369 2867 curn
383 2804 625 2884 theologorum
637 2802 871 2871 catholicorum
891 2801 1046 2879 conhlio,
1067 2799 1146 2866 tub-

123 2887 200 2950 latia
220 2901 274 2951 aut
294 2890 482 2966 emendatis,
502 2889 747 2974 permittantur:
780 2924 783 2929 ·
889 2918 917 2949 .¹
994 2916 1004 2947 ε.
1094 2940 1102 2949 ,,
1141 2916 1147 2948 ;

193 2972 254 3036 vt.
278 2973 520 3061 Libriyulgari
547 2975 716 3038 idiomate«
733 2973 773 3036 de
804 2969 1145 3053 coutroveriiiajinten

127 3059 306 3121 catholicoe
326 3071 371 3132 ,et
390 3062 582 3124 haereticos
619 3058 720 3123 nostri
749 3054 1143 3141 temporie.‚dil[e1entaa,·

125 3165 195 3207 non
216 3146 325 3228 pallim
345 3148 587 3230 permittanturt
608 3143 760 3219 sedidem
772 3143 812 3206 de
823 3145 866 3204 iia
878 3137 1147 3227 ferreturpp‘nod

126 3229 168 3292 dc
190 3231 300 3293 bibliis
332 3233 459 3312 vulgari
488 3233 598 3312 lingua
627 3229 752 3313 [criptis
770 3228 928 3291 <statutum
956 3226 1025 3291 ab.
1047 3223 1172 3308 milui„

127 3336 207 3378 vero
229 3315 270 3380 de
291 3316 417 3380 ratione
450 3320 530 3381 bene
560 3316 715 3391 vivendi,
746 3311 1008 3398 centemplaudi,
1036 3312 1143 3379 cb'nfi·

125 3401 236 3478 tendi,
264 3424 299 3465 ac
329 3403 486 3466 limilibua
512 3401 711 3482 argumentis
736 3401 863 3480 vulgati
891 3403 1037 3467 sermone
1056 3404 1144 3463 Teon·-

125 3488 238 3571 lcripti
257 3492 352 3563 lunt,
372 3489 398 3550 fi
417 3492 522 3552 lanam
536 3488 565 3568 5)
591 3488 768 3551 doctrinam
787 3485 992 3564 contineant,
1011 3505 1080 3549 nun
1101 3483 1144 3547 est
1223 3536 1227 3549 ,

116 3595 183 3634 rcur
204 3573 451 3657 prohibeanturt
472 3575 548 3639 licut
566 3576 799 3638 necterruouee
817 3566 1144 3658 popularearulgari

126 3658 238 3737 lingua
261 3656 373 3722 babiti.
431 3655 531 3740 Quod
550 3652 584 3722 fi'
596 3654 808 3721 hactenus'in
827 3657 940 3744 aliquo
960 3677 1060 3737 regno
1085 3652 1159 3717 rel-

125 3743 296 3830 provincia
320 3743 424 3831 aliqui
443 3744 521 3807 libri
552 3749 627 3809 lunt
656 3744 835 3832 prohibiti,
867 3740 954 3832 quod
983 3739 1141 3812 nonnulla

134 3872 576 3891 ffl—

163 3939 192 4007 3)
210 3937 314 3994 sacrem
329 3955 381 4010 pro
398 3934 491 3990 lanam
509 3906 599 3992 Hora.
695 3916 709 3991 ,⁸
846 3912 868 3926 Η
