2528 4522
395 232 817 352 truite-condemneris.-
855 278 873 299 ··
927 196 958 350 ,ν
1031 272 1109 345 2³3

106 442 163 504 bue
178 436 387 514 convenisset,
407 439 520 507 nostrie
539 446 712 507 convocato
728 440 860 522 littorio,
881 450 913 506 et
934 445 988 508 sur
1009 444 1108 513 etiem

104 530 247 611 ipsorum
266 527 386 613 pietate
407 528 556 604 excitate,
579 528 816 615 episcoporum,
837 541 870 592 et
891 528 1029 594 eliorum
1053 533 1110 596 in-
1168 557 1175 594 ὴ

105 613 238 692 lignium
259 615 472 697 praelatorum
500 613 656 692 inarime,
688 625 720 677 et
741 615 946 680 oecumenico
968 619 1106 681 concilio

103 697 198 777 digna
229 694 430 784 frequentin,
461 703 586 784 praeter
606 700 766 783 plurimos
785 702 864 765 elios
885 701 975 785 pios,
1007 716 1037 764 et
1058 708 1108 766 sei-

103 803 225 844 crerum
248 783 426 846 litterarum
449 786 596 861 seientia,
617 785 804 871 divinique,
825 799 858 848 et
878 786 1011 849 honneni
1029 788 1108 871 jurio

101 870 289 947 cognitione
309 869 497 955 praestantes
521 871 620 947 viror,
643 871 888 954 praesidentibus
903 873 967 955 ipfi·
983 871 1106 952 synodo

102 953 187 1017 sedis
210 952 396 1037 apostolicae
417 956 550 1035 legetis,
582 957 678 1030 nobis
704 956 783 1019 odeo
815 957 946 1019 concilii
966 956 1129 1022 libertati<

102 1033 303 1115 faventibus,
335 1045 369 1102 ut
390 1041 486 1103 etiam
508 1041 547 1104 de
568 1042 660 1103 rebus
681 1040 747 1104 sedi
767 1042 954 1127 apossolioee
974 1044 1107 1128 proprie

101 1125 272 1188 reservatis
293 1124 430 1189 liberum
458 1127 518 1212 ipsi
546 1126 684 1188 concilio
708 1128 874 1190 arbitrium
894 1149 952 1212 per
971 1129 1109 1207 litterae,

101 1209 141 1272 od
163 1211 286 1291 legatos
305 1211 425 1274 nostros
444 1210 595 1296 scriptos,
628 1213 714 1274 ultro
737 1215 992 1297 permiserimus,
1028 1235 1108 1299 queo

10 1346 12 1352 .
72 1295 142 1358 *do
164 1296 385 1374 sacrementis,
400 1322 404 1339 =
417 1306 450 1357 et
470 1298 544 1358 eliio
567 1297 674 1373 reboo,
711 1319 790 1383 quae
817 1296 947 1385 quidem
968 1298 1108 1361 necesso-

100 1379 169 1442 riee
190 1381 276 1446 visne
294 1381 570 1458 fint,⁴trrctonde,
591 1381 790 1460 deliniendo,
824 1395 856 1446 et
877 1380 1033 1445 deluenda
1054 1405 1109 1452 re-

97 1464 237 1544 tabant,
260 1466 298 1528 ed
321 1461 528 1530 confutandas
548 1467 713 1544 haereseo,
743 1467 781 1530 ed
803 1468 1108 1549 tollendosebusuo,
1192 1499 1194 1503 ⁷

100 1563 135 1615 et
156 1551 371 1615 emendandos
393 1573 510 1628 morer,
532 1571 550 1613 e
570 1548 757 1615 socrosancta
778 1553 900 1634 synodo
921 1553 1040 1618 summe
1063 1555 1108 1617 li-

100 1637 241 1714 bertote,
264 1636 496 1724 diligentiaque
517 1638 667 1716 troctete,¹
685 1648 718 1701 et
737 1649 897 1716 accurate,
930 1661 965 1702 rc
986 1636 1108 1702 inetur-e

99 1721 273 1787 admodum
304 1721 453 1801 definite,
490 1724 664 1809 explicata,
700 1723 809 1786 statute
843 1729 926 1788 sont.
979 1721 1107 1805 Quibus

100 1809 194 1870 rebus
214 1802 386 1894 perfectis,
407 1811 579 1872 concilium
602 1819 689 1872 tento
710 1811 872 1888 omnium,
905 1808 960 1895 qui
981 1810 1034 1872 illi
1055 1811 1107 1875 in·
1159 1803 1164 1810 ¹

101 1885 290 1969 tersuerunt,
312 1894 480 1958 concordie
499 1890 753 1979 peractumssfuit,
776 1907 810 1957 nt
826 1897 1013 1958 consensum
1033 1916 1106 1960 eum

98 1979 196 2065 plane
213 1999 231 2041 e
251 1979 394 2043 Domino
418 1980 566 2044 effectum
579 1978 673 2043 fuisse
694 1981 886 2057 constiterit3
908 1985 938 2057 Ρ)
952 1980 1048 2066 idque
1070 1982 1107 2045 in
1160 1984 1162 1990 '

99 2064 229 2141 nostris,
260 2076 354 2151 etque
387 2066 531 2128 omnium
558 2065 669 2127 oculis
700 2067 794 2128 valde
822 2065 967 2128 mirabile
999 2063 1107 2129 fuerit.

97 2147 163 2212 Pro
185 2171 248 2235 quo
270 2161 334 2214 tem
353 2151 505 2230 singulari
527 2148 589 2212 Dei
617 2169 749 2213 munere
774 2151 1024 2236 supplicationes
1045 2150 1107 2213 [ἱα-
1178 2229 1180 2233 .

86 2236 159 2297 ¹tim
181 2235 217 2295 in
238 2234 402 2297 elmobec
424 2237 501 2296 urbe
531 2231 730 2310 indiximus,
764 2255 843 2320 quoe
874 2255 986 2313 magne
1016 2234 1107 2312 cleri,
1136 2292 1140 2301 .

27 2374 33 2403 ,
98 2331 131 2381 et
164 2319 280 2402 populi
312 2318 432 2404 pietate
465 2318 639 2380 celebratae
668 2315 815 2394 fortune
848 2318 1039 2404 laudesque,
1072 2330 1107 2382 et

18 2448 22 2454 -
51 2392 60 2410 '
97 2406 217 2485 gratier
246 2401 377 2467 divinoe
407 2403 556 2485 majestati
583 2401 700 2466 merito
731 2403 958 2489 persolvendos
978 2405 1106 2468 corevi-

97 2508 192 2564 mueg
213 2510 285 2552 cum
300 2486 468 2583 ejusmodi
491 2489 620 2551 concilii
641 2488 748 2550 exitus
767 2489 853 2574 spem
867 2511 1040 2570 megnem,
1072 2500 1106 2553 et

98 2594 201 2660 prope
224 2585 340 2638 certem
360 2575 503 2637 attulerit
525 2569 605 2651 sore,
627 2586 662 2636 ut
682 2575 815 2656 majores
837 2575 871 2637 in
894 2575 964 2637 dies
984 2572 1106 2637 fructos

97 2659 135 2722 ed
158 2661 315 2724 ecclesiam
338 2681 380 2722 ex
399 2660 496 2744 ipsius
511 2659 656 2736 decretio,
673 2658 1006 2746 constitutionibusque
1028 2682 1106 2747 per·-

97 2746 242 2810 veniont.
285 2744 364 2809 Corn
377 2757 481 2812 eutem
503 2744 570 2831 ipso
590 2749 692 2809 sancto
714 2744 852 2824 synodus
874 2767 932 2830 pro
954 2752 1007 2810 suo
1030 2766 1105 2826 erge

97 2829 204 2895 sedem
224 2832 424 2916 apostolicam
448 2831 646 2903 reverentie,
680 2831 883 2916 antiquorum
908 2831 1004 2894 etiem
1024 2852 1106 2894 con-

90 2916 247 2979 'oiliorum
261 2915 588 2998 vestigiieinhoereno,
602 2916 797 2979 decretorum
810 2919 937 2979 suorum
949 2917 1106 2992 omnium,

98 3023 179 3088 quoe
199 3002 319 3080 nostro,
341 3012 373 3065 et
395 3000 665 3086 praedecessorum
688 3000 865 3063 nostrorum
884 3014 1027 3087 tempore
1050 2996 1104 3061 fe-

98 3097 146 3149 cte
166 3091 258 3165 sunt,
280 3092 324 3172 e)
344 3087 620 3150 confirmationem
640 3107 657 3146 e
677 3085 771 3148 nobis
792 3085 940 3170 petierit,
975 3082 1102 3148 decreto

99 3170 139 3235 de
160 3194 195 3236 eo
217 3195 252 3236 re
272 3173 307 3236 in
327 3173 453 3258 publice
475 3173 607 3235 serlione
626 3168 731 3233 secto:
760 3170 844 3246 Nos,
864 3191 906 3233 ex
924 3172 1103 3250 legatorum
1124 3210 1127 3215 -
1224 3225 1229 3235 .

97 3258 217 3322 litteris
239 3259 348 3344 prius,
363 3258 479 3322 deinde
501 3257 566 3343 poli
587 3256 724 3319 reditum
744 3276 855 3319 eorum
871 3276 913 3319 ex
933 3255 991 3332 iis,
1021 3276 1102 3342 quoe

97 3342 213 3424 synodi
235 3345 367 3407 nomine
387 3345 558 3424 diligenter
570 3334 768 3419 retulirunt,
782 3340 992 3426 postulatione
1005 3339 1103 3427 ipsios
1181 3402 1185 3410 ,

97 3429 215 3508 synodi
238 3430 382 3509 cognite,
405 3427 509 3491 habite
530 3433 561 3491 su
588 3449 622 3492 er
641 3428 700 3488 hec
719 3447 756 3491 ro
777 3447 849 3489 oum
868 3425 1103 3490 venerabilibus

99 3511 251 3577 frutribus
274 3514 417 3591 nostrie,¹
433 3515 552 3577 sanctae
565 3449 737 3577 itomanae
764 3511 908 3575 ecclesiae
929 3510 1103 3575 cardinali-

99 3600 177 3678 bus,
209 3600 438 3663 deliberatione
459 3611 597 3676 ineture,
632 3598 792 3682 sanctique
814 3598 953 3683 Spiritus
973 3597 1009 3658 in
1031 3596 1102 3682 pri-

99 3687 163 3748 mis
183 3686 307 3748 auxilio
328 3686 490 3764 invocato,
519 3706 589 3746 cum
612 3704 648 3745 ee
662 3683 785 3744 decreto
807 3683 915 3746 omnio
935 3681 1101 3757 catholice,
1207 3717 1208 3721 =

100 3784 134 3834 et
151 3773 273 3858 populo
295 3769 471 3832 Christiano
491 3770 599 3846 utilio,
626 3791 662 3831 ec
683 3769 829 3834 salutarie
847 3768 916 3847 elle·
931 3765 1102 3851 cognoris*

138 3956 170 4027 p)
186 3955 230 4014 Ps.
250 3964 309 4025 117,
327 3970 365 4015 tt.
383 3986 417 4000 -
455 3957 484 4028 q)
502 3957 534 4014 lu
552 3955 608 4012 siue
626 3958 739 4017 ultimae
759 3953 889 4015 temone.
