2528 4522
129 282 182 360 70
246 242 815 367 ¹App.t.a‹t.coc'e1·tmittent.
866 269 947 338 sec.
971 265 1072 338 xm.
1137 255 1149 274 “

132 454 181 518 cio
203 454 239 517 in
263 453 394 538 colibus,
424 454 460 514 in
490 454 607 538 quibus
634 450 773 512 aliorum
800 448 1026 534 episcoporum
1051 469 1148 534 prce·

130 542 249 618 sentia,
279 541 314 601 in
348 558 482 600 nurnero
513 559 531 600 a
564 535 739 599 canonibus
772 533 927 610 definito,
961 533 1148 620 requiritur.

131 629 230 690 etium
253 626 371 708 absque
391 625 460 684 illis
483 622 655 707 procedere
675 621 785 682 liceat:
807 619 963 682 adhibitis
983 630 1092 682 tamen
1114 631 1148 682 et

130 712 169 775 in
190 712 253 774 hoc
275 711 332 771 fibi
353 709 576 784 allillentibue‚
608 704 745 769 totidem
772 706 945 780 abbatibus,
967 704 1058 768 uloin
1080 706 1147 766 mi-

131 807 200 859 trae
222 805 253 859 et
276 794 378 857 boculi
400 815 443 857 ex
457 792 633 878 privilegio
653 791 828 875 ¹apostolico
852 791 1053 859 habentibus.
1074 791 1145 852 tiin

131 881 283 957 civitate,
323 891 377 941 aut
399 879 532 941 dioecesi
555 878 707 963 reperiri,
742 891 772 938 et
800 875 968 938 commode
995 874 1148 938 intereffo

130 965 273 1051 pollint3
306 965 452 1050 alioquin
482 965 557 1026 aliie
586 963 732 1047 personis
761 962 798 1023 in
818 961 1015 1024 eccleliallica
1037 960 1149 1041 digni-

132 1062 198 1112 tate
219 1049 415 1127 constitutio,
446 1069 526 1134 quae
548 1046 651 1111 aetate
673 1066 804 1129 graves,
839 1067 875 1109 ac
904 1046 984 1130 juris
1014 1046 1147 1109 scientia

132 1134 401 1199 commendabiles
423 1135 568 1216 exilient.

509 1339 512 1345 ·
566 1297 643 1362 Ger.
666 1298 712 1362 V.

132 1416 345 1503 [Summort'e
365 1416 551 1507 cognoscat
564 1402 750 1503 'episcopeo
766 1413 809 1478 de
827 1411 962 1500 gratiis
996 1424 1061 1478 ant
1083 1411 1149 1478 ab·

131 1501 339 1587 solutionem
365 1500 548 1581 criminis,
582 1510 644 1564 aret
678 1496 901 1585 remiffionem
927 1521 1060 1588 poenae
1092 1521 1149 1563 re-

509 1583 762 1674 (picientibttc.]

196 1705 239 1770 Et
272 1707 425 1794 quoniam
454 1728 514 1795 per
543 1707 632 1770 fictas
662 1711 787 1785 caulas,
820 1726 900 1792 quae
932 1718 1042 1771 temen
1073 1708 1149 1773 latia

131 1793 314 1879 probabiles
356 1792 524 1868 videntur,
559 1790 722 1856 interdum
754 1790 886 1869 accidit,
922 1795 1146 1857 utnonnulli

132 1877 290 1962 ejusmodi
321 1881 439 1957 gratiae
470 1887 703 1962 extorqueant,
736 1897 892 1964 perquer
925 1898 1049 1962 poenae
1077 1881 1148 1942 illis

132 1964 356 2048 episcoporum
378 1963 449 2046 justa
474 1964 644 2026 severitate
673 1962 832 2039 inflictae,
866 1973 918 2023 aut
941 1966 1149 2029 remittuntur

133 2049 288 2125 omnino,
317 2061 371 2110 aut
402 2048 607 2111 minuuntur:
636 2069 707 2110 cum
738 2070 805 2111 non
827 2042 994 2111 ferendum
1016 2052 1075 2126 tit,
1112 2061 1149 2112 ut

131 2131 350 2209 mendacium,
373 2131 455 2218 quod
478 2144 646 2220 tantopere
669 2131 738 2194 Deo
760 2133 930 2217 displicet,
961 2155 1029 2197 non
1050 2135 1147 2198 modo

130 2219 236 2304 ipsum
248 2225 279 2297 Ρ)
302 2219 499 2303 impunitum
520 2219 576 2296 fit,
608 2239 721 2282 uerunt
753 2220 850 2280 etiam
880 2219 1013 2297 ulterius
1035 2218 1146 2284 delicti

132 2306 263 2367 veniam
283 2304 436 2389 impetret
459 2304 644 2367 mentienti:
666 2302 807 2375 idcirco,
840 2312 875 2365 ut
896 2304 1058 2388 sequitur,
1088 2306 1147 2368 lle·

133 2391 219 2466 tuit,
247 2399 278 2452 et
300 2389 458 2452 decrevit:
479 2394 666 2474 episcopua,
698 2389 782 2474 apud
805 2388 963 2451 ecclesiam
984 2393 1073 2454 luem
1094 2413 1147 2454 re-

132 2474 256 2546 fidene,
285 2471 324 2536 de
355 2476 575 2560 surreptione,
613 2485 646 2537 et
678 2473 868 2561 obreptione
896 2474 1032 2554 gratioe,
1067 2498 1147 2562 quae

132 2563 228 2643 super
248 2556 450 2622 absolutione
472 2558 603 2640 alicujus
627 2558 747 2644 publici
767 2559 924 2633 criminis,
948 2561 1002 2623 vel
1024 2559 1148 2634 delicti,

134 2642 173 2704 de
195 2663 258 2728 quo
280 2637 350 2727 ipse
370 2641 534 2730 inquirere
555 2655 720 2727 coeperot3
742 2657 796 2707 aut
817 2646 999 2708 remillione
1012 2666 1147 2730 poenae,

133 2727 171 2788 ad
195 2747 287 2814 quem
310 2726 501 2790 criminosos
525 2748 582 2812 per
603 2749 676 2790 eom
698 2729 926 2793 condemnatus
951 2728 1060 2811 suerit,
1084 2729 1148 2794 fal-

132 2813 172 2875 fie
195 2814 341 2897 precibus
362 2814 571 2899 impetretur,
608 2816 843 2900 perseipsum,
879 2826 1039 2902 tanlquam
1062 2819 1147 2881 fedic

132 2898 319 2984 apostolicae
334 2896 505 2980 delegatus,
525 2899 620 2961 etiam
633 2902 801 2989 summarie
817 2906 1002 2980 cognoscam
1024 2903 1148 2988 ipsam—

133 3005 194 3070 que
219 2983 370 3069 gratiam,
392 2983 552 3071 postquem
575 3005 632 3070 per
654 2981 723 3047 salli
745 2991 977 3061 narrationem,
1000 3000 1054 3048 aut
1076 2987 1166 3051 ueri

132 3069 383 3215 taciturnitatem
405 3071 567 3134 obtentam
592 3068 672 3148 else,
701 3073 844 3152 legitime
866 3073 1059 3151 constiterit,
1080 3096 1147 3137 non

102 3184 106 3195 ·
133 3174 149 3215 a
175 3157 290 3220 mittat.

546 3321 624 3392 Cir.
649 3323 710 3387 Vl.

126 3434 231 3523 ’[Νοη
254 3438 382 3506 citetur
404 3436 637 3524 personaliter
663 3439 862 3530 episcopeo,
882 3440 948 3532 rrifi
967 3441 1148 3537 depofitio-

402 3524 409 3539 Ι
585 3524 591 3539 Ι
661 3526 667 3540 Ι
720 3525 728 3539 0

345 3556 348 3561 ·
370 3547 427 3589 mc
447 3534 512 3589 aut
531 3536 743 3611 privationis
764 3526 898 3615 cause]

195 3640 361 3726 Quoniam
382 3668 461 3709 vero
490 3648 609 3711 subditi
631 3650 801 3735 episcopo,
836 3650 959 3713 tametli
979 3650 1049 3734 jore
1075 3673 1149 3714 cor-

134 3733 218 3813 repti
240 3722 591 3819 fuerint‚.1uagnopere
615 3752 722 3798 tamen
742 3757 812 3797 eum
837 3735 957 3813 odnie,
988 3748 1039 3808 et,
1068 3748 1149 3800 tain-

170 3922 199 3985 Ρ)
218 3921 267 3974 Ex·
285 3895 329 3987 23,
350 3918 516 3984 1.·Lev.19‚
535 3936 570 3976 tt·
590 3921 670 3977 Prot.
689 3927 716 3987 6,
736 3939 763 3980 tc
780 3923 819 3994 lq.
842 3936 877 3980 te.
894 3928 921 3990 8,
939 3940 962 3982 r.
982 3932 1025 3985 12.
1046 3938 1084 3983 tt.
