2528 4522
97 253 104 271 '
178 249 255 337 reo
379 204 972 347 -spu.'.÷1,.÷tu,conursennc

177 444 212 501 ⁰²
231 429 432 511 debeamus,
459 450 503 493 θῦ-
521 439 632 504 mini
655 425 790 502 ‚sltiflnlin
806 437 851 499 ‚et
879 394 1068 492 auctoritate
1089 449 1188 514 prae·

177 517 275 587 dictis
292 515 455 585 lietuimuo
466 511 716 589 reordinemus,
735 510 821 598 quod
833 513 1071 599 praedicatores
1094 518 1188 589 verbi

176 602 259 682 Dei,
289 599 893 687 etquicunquefalii,nemausumque
914 598 1025 677 slatus,
1056 600 1187 680 gradus,

177 701 233 757 aut
255 685 434 758 ordinieeo
458 683 660 757 conditionis,
677 678 820 761 suerint,
842 685 899 769 qui
920 684 960 748 de
981 696 1085 749 cetero
1107 692 1186 748 eul'u

175 771 350 842 temerario·
368 771 635 857 praesumpserint
653 766 688 833 iu
708 788 828 833 eorum·
841 769 1039 834 sermonibus
1062 769 1101 833 ad
1121 792 1187 855 po-

177 848 307 945 puluu's,
336 858 395 921 sen*
416 857 500 923 ‘alies
523 853 968 942 quomodolibeteffirauare,
1001 856 1185 937 hujusmodi

157 946 217 1017 ,sic
238 964 295 1028 per
316 962 376 1007 uos
396 941 591 1027 improbatas
619 951 652 1005 et
678 938 841 1009 destinatae
873 939 1061 1007 assertiones
1090 963 1183 1005 verus

175 1027 258 1104 esse,
289 1040 342 1091 aut
368 1026 472 1090 dictos
501 1028 602 1097 libros
622 1046 682 1111 pro
711 1026 802 1093 reris¹
819 1027 945 1107 legere,
972 1038 1101 1103 tenere,
1122 1030 1185 1101 ¹vel

175 1115 313 1188 babere,
335 1114 495 1199 posquam
516 1111 556 1179 de
570 1111 794 1198 praesentibus
816 1111 981 1175 scientiam
1002 1112 1185 1189 habuerint,

176 1197 519 1267 excommunicationis
554 1198 743 1269 sententiam
777 1218 816 1261 eo
847 1196 918 1282 ipso
948 1198 1130 1278 incurrant,
1168 1219 1186 1263 a

178 1305 245 1371 spara¹
260 1287 297 1346 eb
319 1285 395 1361 elio,
417 1304 510 1371 quarn
532 1282 716 1355 eRomano
728 1282 896 1367 pontifice,
918 1282 993 1360 (uisi
1013 1282 1049 1346 iu
1066 1283 1183 1363 mortis

176 1370 343 1446 articulo,)·
373 1378 533 1457 nequeant
553 1369 765 1441 absolutionis
793 1367 997 1432 beneficium
1030 1370 1185 1432 obtinere.

175 1452 259 1519 Item
289 1466 399 1533 motu,
431 1453 582 1532 scientie,
613 1464 646 1517 et
670 1452 853 1527 auctoritate
876 1453 1051 1530 similibus,
1088 1455 1185 1517 simili

176 1561 306 1626 poenae·
326 1561 361 1602 ac
392 1539 541 1611 censurae
563 1539 763 1621 subjicientes
783 1557 858 1616 eoa,
891 1538 948 1625 qui
981 1539 1044 1602 rusi
1063 1536 1186 1603 suerint

175 1623 318 1701 asserere,
340 1626 530 1689 contrariam
543 1625 733 1710 opinionem
756 1633 918 1701 tenentes,
939 1623 1090 1688 videlicet
1109 1627 1186 1704 glo-

175 1710 295 1779 riolam
317 1711 477 1790 virginem
505 1708 640 1772 Meuium
661 1730 733 1772 cum
757 1708 909 1788 originali
930 1720 1057 1795 peccato
1088 1705 1185 1773 fuisse

176 1795 518 1879 conceptum,lreeresis
532 1794 663 1870 crimen,
683 1794 737 1857 rel
749 1805 912 1879 peccatum
921 1795 1083 1859 incurrere
1094 1816 1186 1857 mor-

176 1880 260 1947 tale:
282 1900 353 1943 coru
364 1879 507 1943 nondum
516 1880 554 1942 lit
566 1878 733 1943 aRomana
744 1881 870 1943 ecclesie
881 1891 914 1942 et
932 1881 1100 1966 apostolica
1112 1880 1187 1945 sede

175 1963 333 2042 decisum,
365 1987 439 2035 oon,
454 1964 642 2029 rumoribus
662 1964 938 2029 consitutionibus
958 1976 991 2029 et
1005 1965 1187 2029 ordinatio-

174 2048 269 2115 nibus
289 2048 470 2135 apostolicis
491 2050 660 2115 contrariis
681 2050 938 2138 quibuscumque,
959 2051 1073 2137 quibua
1094 2073 1186 2114 coru-

174 2137 317 2201 muniter
329 2135 532 2205 reldivillm
552 2157 571 2200 a
593 2135 666 2200 sede
683 2134 852 2222 apostolice
868 2135 1030 2200 indultum
1053 2136 1183 2214 exsistat,

175 2221 262 2308 quod
281 2221 451 2301 interdici,
471 2221 633 2308 suspendi,
651 2224 706 2286 vel
727 2222 998 2287 excommunicari
1017 2243 1085 2285 non
1107 2221 1185 2308 pos-

174 2310 237 2371 sint
256 2329 315 2393 per
332 2309 456 2373 litterae
476 2309 677 2394 apostolicas,
709 2329 776 2371 uon
804 2303 959 2372 facientes
990 2308 1120 2392 plenam
1150 2327 1185 2371 ac

175 2392 371 2478 expressam,
403 2414 438 2455 ac
465 2393 505 2457 de
522 2397 620 2457 verbo
649 2392 840 2457 adverbum
862 2391 1049 2456 deindulto
1073 2391 1186 2476 hujus·

174 2477 266 2539 rnodi
285 2479 495 2541 mentionem.
535 2477 596 2557 Er,
618 2500 657 2541 ne
679 2476 718 2541 de
734 2476 912 2563 praemissa
931 2476 1101 2564 eliquondo
1125 2499 1185 2542 ra·

173 2561 261 2623 leont
278 2561 494 2644 ignorantiam
525 2564 683 2643 allegare:
716 2565 884 2642 volumus,
922 2563 1006 2651 quod
1037 2565 1183 2626 locorum

173 2644 332 2711 ordinarii
357 2646 498 2730 requisiti
527 2652 710 2731 praesentes
738 2648 863 2711 litteras
885 2650 921 2713 in
942 2650 1081 2713 ecclesiia
1103 2672 1183 2713 con·

172 2729 344 2792 sistentibus
367 2731 403 2793 in
431 2732 766 2809 eorumcivitatibus,
787 2745 818 2797 et
840 2739 966 2798 suarum
990 2734 1181 2811 dioecesum,

176 2823 210 2877 et
231 2815 313 2879 locis
334 2815 519 2895 insignibus,
540 2815 615 2881 dum
631 2817 731 2898 major
746 2818 792 2881 ibi
814 2819 985 2882 multitudo
1007 2822 1124 2907 populi
1144 2820 1184 2883 ad

172 2899 285 2964 diviua
305 2903 516 2980 convenerit,
544 2904 742 2968 sermonibus
773 2903 813 2966 etl
847 2907 1004 2990 populum
1030 2906 1184 2971 inundent

171 2998 205 3051 ot
237 2981 357 3051 saciant
389 2987 556 3072 publicari.
618 2988 802 3065 Praetereo,
837 2993 911 3076 quis
940 2989 1071 3056 difficile
1098 2989 1185 3055 soret

171 3077 353 3158 praesentes
374 3075 499 3137 litterae
527 3074 567 3138 ed
591 3075 712 3156 singulo
732 3076 820 3150 loca,
850 3077 887 3138 in
908 3076 1023 3160 quibua
1044 3078 1184 3162 expedi-

171 3177 230 3221 ens
252 3156 372 3235 fuerit,
393 3154 539 3229 deferre:
561 3161 659 3225 etiem
676 3162 844 3235 volumus,
880 3172 913 3224 et
936 3161 1020 3224 dicta
1041 3164 1183 3227 auctori-

171 3252 236 3304 tate
248 3243 458 3323 decernimus,
480 3245 564 3332 quod
583 3245 764 3313 earumdem
778 3247 958 3310 litterarum
974 3252 1183 3333 transumpto,

170 3346 266 3389 manu
289 3331 410 3415 publici
434 3331 555 3395 notarii
578 3329 742 3409 consecto,
776 3341 808 3394 et
835 3334 1019 3396 authentico
1050 3334 1183 3416 alicujus

169 3413 305 3496 praelati
339 3415 532 3497 ecclesiastici
572 3417 677 3499 sigillo
719 3417 865 3494 munito,
913 3420 1029 3506 ubique
1071 3419 1182 3497 stetur,

169 3506 268 3581 prout
298 3498 427 3565 [iuretur
462 3502 583 3567 eisdem
613 3504 825 3585 originalibus
852 3503 1045 3581 litteris,·si
1074 3499 1183 3568 forent

170 3581 336 3647 exhibitae
358 3589 411 3650 vel
433 3587 577 3661 ostensae,
632 3589 720 3653 Nulli
748 3609 824 3670 ergo
854 3590 988 3653 omnino
1011 3590 1184 3654 bominum

169 3668 265 3732 liceat
295 3668 376 3733 banc
396 3673 545 3757 peginam
567 3674 689 3738 nolirae
710 3675 967 3760 reprobationis,
999 3673 1183 3739 damnatio-

169 3754 240 3833 nis,
259 3753 381 3831 statuti,
398 3757 632 3836 ordinationis,
662 3760 839 3825 voluntatis
863 3771 895 3825 et
916 3761 1036 3824 decreti
1058 3757 1182 3826 iufrin-

170 3861 264 3918 gere,
284 3842 338 3904 vel
359 3841 393 3905 ei
411 3840 483 3905 ausu
504 3845 674 3909 temerario
698 3846 869 3911 contraire.
919 3845 956 3910 si
979 3848 1050 3933 quis
1072 3859 1180 3912 eutem

170 3926 234 3990 hoc
264 3933 702 4017 attentare-praesumpserit,
736 3931 997 4015 indignationem
1025 3934 1182 4018 omnipo-
