2528 4522
117 278 120 288 '
193 288 273 362 240x
409 270 502 373 App.
526 272 556 347 1.
578 274 625 348 erl
643 270 790 345 Concil-
810 268 971 346 Trident.

189 461 308 527 nostrae
330 457 507 524 voluntatis
529 458 585 539 fit,
612 468 649 523 ut
667 458 746 537 illu,
778 470 809 521 et
828 456 949 544 pariter
971 455 1097 521 decreta
1117 454 1198 521 sacri

189 545 320 611 concilii
332 544 535 622 Tridentini,
556 544 681 624 initis,
702 563 782 631 quae
802 546 841 606 ed
864 564 974 606 eorum
995 541 1098 606 officia
1120 545 1197 629 spe-

191 645 295 709 ctant,
327 633 364 694 ab
386 629 506 694 eisdem
529 629 662 693 omnino
682 633 904 693 observentur:
938 627 1004 691 Nos
1023 640 1196 714 propterea

189 717 435 792 considerantes,
459 737 572 801 parurn
594 714 674 792 elie,
692 717 760 799 jura
781 712 934 790 condere,
956 714 1015 775 nifi
1036 714 1115 790 lint,
1138 714 1196 801 qui

187 825 224 867 ea
245 804 427 866 executioni
440 800 621 864 demandari
636 796 764 891 faciant,
785 810 817 863 et
837 801 872 861 in
888 799 1075 884 praemissis,
1098 811 1196 884 prout

89 889 92 895 ’
188 911 230 953 ex
250 888 357 951 debito
373 887 533 974 pastoralis
556 885 654 949 officii
674 886 769 948 nobis
791 884 930 963 (meritis
958 886 1035 947 licet
1056 886 1196 970 impari-

186 977 262 1053 bus)
283 975 416 1056 injuncti
444 973 641 1053 obligamur,
672 969 838 1060 salpbriter
870 979 903 1033 et
931 970 1056 1034 utiliter
1077 971 1196 1056 provi-

186 1058 277 1135 dere,
300 1053 520 1145 praefataeque
541 1054 796 1134 constitutiones,
827 1065 860 1118 et
882 1055 1122 1134 ordinationes,
1158 1078 1194 1118 ac

185 1143 310 1208 decreta
331 1144 479 1218 concilii,
502 1163 577 1230 quas
597 1154 630 1204 et
650 1162 729 1229 quae
750 1142 804 1204 hic
824 1141 937 1203 ilaberi
958 1143 1110 1205 volumus
1134 1160 1194 1224 pro

185 1230 353 1316 expressis,
374 1228 608 1292 inviolabiliter
630 1227 791 1291 observari
813 1224 980 1289 volentes:
1015 1228 1196 1292 venerabili

185 1311 280 1378 fratri
307 1314 410 1378 noliro
430 1312 551 1376 Joanni
582 1313 732 1399 episcopo
755 1310 924 1377 Tusculen.
948 1308 1105 1386 Morono,
1139 1312 1194 1376 Jo.

184 1398 338 1463 Michaeli
359 1403 481 1462 sanctae
502 1395 677 1463 Anastasius
698 1397 872 1473 Saraceno,
909 1415 943 1458 rc
967 1392 1017 1460 Jo.
1038 1396 1195 1483 Baptistae

145 1552 148 1557 ,
184 1484 219 1548 8.
241 1483 415 1548 Clementis
433 1482 574 1562 Cicurino,
595 1480 888 1548 necnun'Michaeli
906 1479 940 1543 8.
962 1480 1097 1546 Sabinae
1110 1481 1196 1547 Ale-

183 1570 362 1643 xandrino,
395 1567 554 1632 Clementi
574 1567 607 1630 8.
628 1568 750 1641 Mariae
772 1566 808 1630 in
830 1588 882 1629 era
903 1567 1000 1647 caeli,
1032 1580 1064 1632 et
1085 1568 1195 1650 Ludo-

184 1657 259 1718 vico
279 1653 378 1720 sancti
398 1651 523 1734 Cyriaci
543 1654 579 1715 in
601 1650 753 1715 Thermis
776 1651 991 1729 simonettae,
1019 1666 1054 1717 a'c
1075 1652 1192 1718 Garolo

182 1739 283 1804 sancti
294 1737 425 1800 Martini
446 1738 482 1801 in
503 1734 871 1801 montibusBorromeeo
912 1740 1093 1819 reebyteris,
1114 1762 1194 1804 nec-

183 1846 251 1888 non
276 1822 454 1887 Vitellutio
478 1821 511 1886 S.
532 1820 652 1886 Mariae
678 1821 715 1885 in
743 1823 870 1908 porticu
928 1825 1035 1887 itellio
1067 1848 1193 1889 nuncu-

184 1912 286 1995 petis,
304 1909 484 1985 titulorum,
508 1904 642 1971 diacono
665 1904 1137 1988 cardinalibuscommittimus,
1159 1923 1192 1974 et

182 1994 386 2058 scandamus:
416 2004 570 2080 quatenus
589 1993 665 2080 ipsi,
686 1998 738 2056 seu
758 2014 869 2058 eorum
886 1995 986 2077 major
1006 2017 1089 2082 pars,
1110 2020 1192 2059 con-

180 2080 332 2164 junctim,
351 2079 407 2156 rel
429 2079 573 2156 divisim,
600 2099 711 2149 eorum
730 2078 882 2156 arbitrio,
901 2082 1011 2160 letiam
1030 2090 1191 2168 tamquam

183 2177 371 2229 executores
393 2163 548 2228 dictarum
569 2163 764 2243 litterarum,
785 2164 1054 2245 constitutionum,
1079 2180 1110 2229 et
1132 2168 1191 2231 de-

181 2263 341 2315 cretorum
360 2247 597 2337 praedictorum
619 2249 881 2328 constitutiones,¹
906 2263 938 2315 et
960 2251 1191 2331 ordinationes,

181 2359 218 2399 ac
242 2337 366 2405 decreta
389 2332 528 2420 praelata
549 2338 640 2420 juxta
662 2347 789 2410 tenores
809 2356 932 2421 eorum,
953 2357 989 2399 ac
1010 2338 1191 2413 litterarum

180 2421 313 2507 desuper
334 2416 565 2497 confectarum,
597 2430 661 2507 per
678 2418 892 2513 quoscumque
912 2424 1190 2508 poenitentiariae,

179 2507 319 2570 vicariae
341 2517 372 2568 et
394 2510 545 2581 camerae,
567 2526 601 2585 ac
625 2517 714 2569 rotae
735 2507 915 2585 curiarum,
928 2506 962 2570 ac
979 2511 1188 2574 tribunalium

180 2590 415 2676 praedictorum
443 2589 562 2671 judices
577 2588 624 2653 ''et'
645 2582 818 2675 officiales,
851 2594 906 2656 sub
929 2585 1189 2657 eircorirruunica-

179 2676 281 2739 tionis
308 2676 391 2736 latae
414 2676 606 2753 sententiae,
631 2674 675 2754 'e‘c'
701 2670 897 2762 'pi-iistionis
925 2677 1123 2757 officiorum,
1155 2692 1189 2744 et

178 2762 255 2823 eliis
277 2758 397 2823 eisdem
421 2761 632 2823 cardinalibus
653 2762 733 2845 bene
756 2763 843 2841 risis,
863 2762 959 2826 etiam
972 2767 1186 2849 pecuniarum,

180 2868 219 2910 eo
240 2847 310 2930 ipso
334 2845 532 2908 incurrendis
554 2844 687 2932 poenis,
718 2847 856 2925 firmiter
877 2850 1039 2913 observari
1058 2847 1187 2929 faciant,

180 2944 213 2996 et
234 2954 306 2995 curn
330 2932 462 2994 effectu:
491 2930 568 3006 nisi,
591 2941 657 2994 tam
676 2931 712 2995 ln
731 2934 926 2997 executione
941 2934 1106 2998 'didtorum
1129 2937 1187 3000 de-

179 3029 338 3081 cretorum
354 3015 496 3094 concilii,
519 3037 611 3103 quem
633 3016 786 3093 dictarum
805 3020 984 3083 litterarum
1003 3022 1186 3100 nostrarum,

178 3104 285 3190 eliqua
307 3102 468 3178 dubietas,
501 3114 555 3165 aut
575 3102 743 3166 difficultas
764 3107 1032 3193 emerserittquo
1055 3113 1124 3170 casu
1147 3108 1186 3170 ad

80 3256 83 3261 ,
178 3208 240 3250 nos
262 3183 419 3263 referant,
453 3187 603 3250 invocato
624 3189 721 3252 etiam
749 3190 894 3269 adhoc,
928 3191 1054 3277 liopus
1077 3188 1185 3269 fuerit,

179 3272 310 3336 auxilio·
326 3264 451 3336 brachii
478 3271 665 3352 saecularis,
699 3275 737 3337 ad
760 3273 880 3354 ²)eos,
910 3276 1122 3362 quilitteris,
1152 3290 1185 3342 et

138 3356 142 3367 '
176 3354 313 3421 decretis
334 3359 525 3445 praedictis,
561 3370 597 3422 et
614 3360 799 3435 eorumdem
821 3361 1030 3424 cardinalium
1050 3363 1185 3426 rnanda-

177 3441 224 3505 tis
244 3463 311 3505 non
332 3445 513 3529 paruerint,
530 3465 572 3522 ex
593 3450 803 3531 tuncb'p'rout
823 3444 996 3510 exeadem
1016 3447 1080 3524 die,
1112 3461 1145 3512 et
1167 3470 1185 3512 e

178 3536 307 3604 contra,
341 3530 474 3594 illorum
500 3522 623 3594 officiis·
641 3531 817 3616 privatos,
836 3540 961 3596 necnon
983 3532 1023 3595 ed
1043 3534 1121 3612 illa,
1152 3545 1185 3598 et

158 3612 243 3674 ¹ulia
264 3609 427 3679 Romanae
446 3616 556 3685 curiae<
572 3614 677 3679 officia
695 3615 735 3679 in
757 3617 912 3701 pallarum
935 3619 1108 3682 obtinenda
1129 3618 1185 3682 in-

176 3696 384 3772 haliilee,-··ac
412 3700 488 3786 ipsis
517 3703 556 3764 ab
582 3700 721 3767 eisdem'¹
735 3701 852 3766 officiis
876 3704 1094 3789 'fic-privatis,
1127 3704 1203 3767 illa*

179 3794 339 3870 tamquam
357 3802 417 3870 per
442 3785 660 3872 privationem
679 3789 838 3855 ¹recutitis
865 3809 888 3852 a
922 3788 1043 3853 datario
1070 3789 1182 3854 'nolito

98 3987 108 3998 ·
210 3960 240 4026 2)
258 3974 355 4030 repro
372 3955 406 4023 ad
423 3955 513 4017 Horti.
