2528 4522
508 102 530 149 e

288 255 487 323 Decretum
513 253 559 322 de
583 212 854 335 reformatione..
1020 274 1068 343 71

53 459 150 523 qnam
178 438 296 521 injuria
328 436 435 500 affecti
461 435 538 513 tint,
567 432 647 501 falsa
679 438 734 500 illi
767 437 902 503 erimina
936 439 1072 523 objicere

52 524 177 598 t'olent3
200 520 258 598 ut,
284 543 412 610 quoquo
435 538 527 605 pacto
550 524 686 608 polluit,
719 523 751 586 ei
772 520 946 587 molestiam
972 526 1072 589 exhi-

53 612 170 679 beant;
191 610 279 691 eujus
303 609 484 671 vexationis
507 610 608 671 timor
627 611 818 695 plerumque
839 611 934 672 illum
956 609 994 672 ad
1016 611 1073 675 in·

52 692 227 779 quirenda,
251 705 283 755 ot
301 692 462 779 punienda
485 714 595 756 eorum
615 692 731 756 delicta
745 695 924 775 segniorem
947 695 1072 759 reddit:

51 781 187 855 ideireo,
210 801 252 841 ne
275 780 302 841 is
324 800 440 859 rnagno
461 781 530 857 suo,
552 791 584 842 et
600 780 747 844 ecelefiae
768 780 974 844 incommodo
995 803 1072 863 gre·

49 886 122 944 gem
146 864 206 927 tibi
230 866 385 929 creditum
414 864 615 950 relinquere,
648 887 683 928 ac
704 888 772 929 non
793 867 893 929 finee
919 869 1070 952 iscopalie

48 950 221 1031 dignitatis
251 948 467 1013 diminutione
499 953 607 1030 vagari
630 962 778 1031 cogatur,
813 952 858 1014 ita
881 888 1006 1028 tiituit,
1037 964 1071 1016 et

48 1034 216 1099 decrevit:
245 1036 474 1121 nepiscapus,
506 1036 566 1098 niti
588 1038 628 1098 ob
650 1040 791 1112 cautam,
823 1058 866 1098 ex
886 1058 947 1123 qua
966 1037 1070 1121 depo·
1187 1057 1196 1073 ·

49 1120 197 1198 nendos,
229 1120 293 1183 five
323 1120 499 1205 privandus
530 1121 678 1201 veniret,
713 1122 812 1185 etiam
840 1123 928 1185 fiex
951 1122 1069 1201 officio,
1187 1200 1191 1213 Ι

12 1202 16 1211 '
49 1217 102 1268 aut
124 1227 187 1291 per
211 1205 468 1291 inquisitionem,
498 1209 551 1268 seu
572 1205 869 1284 denuntiationem,
903 1209 955 1271 vel
977 1229 1070 1270 accu-

53 1291 231 1368 sationem,
262 1292 328 1354 tivo
350 1293 416 1354 atio
440 1292 556 1376 quovis
578 1289 675 1355 modo
698 1292 905 1377 procedatur,
936 1306 969 1355 ut
990 1314 1070 1378 per-

51 1378 209 1441 sonaliter
230 1388 424 1463 compareat,
446 1397 646 1464 nequaquam
670 1379 796 1455 citetur,
815 1378 867 1440 vel
890 1390 1067 1445 moneatur.

460 1632 539 1698 Gar.
560 1632 641 1701 VII.

57 1748 268 1833 [Quolitotea
285 1750 419 1833 testium
434 1765 557 1820 contra
576 1753 775 1843 episcopum
790 1746 1064 1836 describuntur]

111 1882 217 1948 Testes
244 1884 280 1946 in
309 1889 396 1949 causa
418 1886 593 1956 criminali,
607 1884 685 1965 ¹)od
707 1879 989 1957 informationem,
1011 1879 1065 1944 vel

62 1966 183 2047 iudicia,
204 1970 257 2033 seu
276 1972 354 2033 elios
372 1973 409 2034 in
430 1975 519 2034 eausa
542 1970 717 2057 principali
737 1980 847 2033 contra
868 1967 1065 2067 episcopum,

63 2054 295 2131 uidoontestes,
324 2066 356 2119 et
378 2058 478 2119 bonae
500 2056 777 2139 conversationis,
809 2050 1065 2131 existimationis,

63 2134 198 2205 otiemae
219 2135 359 2218 fuerint,
389 2163 455 2204 non
484 2142 695 2228 recipiantur:
728 2151 761 2202 et
790 2136 931 2213 fiodio,
960 2147 1065 2198 teme-

66 2224 165 2309 ritate,
198 2239 251 2288 aut
285 2226 461 2311 cupiditate
492 2226 613 2313 aliquid
647 2225 871 2311 deposuerint,
912 2221 1063 2315 gravibus

10 2394 13 2401 Ι
68 2312 166 2401 toenio
186 2313 376 2375 multentur.
850 2342 854 2349 ·

452 2508 530 2574 Car.
552 2505 648 2572 VIII.

11 2738 13 2749 Ι
70 2626 193 2713 [Graves
220 2614 658 2799 episwpmmsiiiiiif
680 2624 786 2690 Pont.
807 2620 908 2687 Mae.
933 2640 1061 2711 eogno-

116 2808 226 2901 Grusae
248 2834 482 2921 episcoporum,
507 2854 577 2895 cum
594 2854 655 2918 pro
676 2828 825 2894 oriminis
849 2827 963 2912 objecti
981 2847 1061 2913 que-

70 2916 144 2983 litate
160 2940 342 3008 oomparere
364 2919 521 2993 debeant,
549 2924 574 2993 ⁸)
588 2937 695 2980 coram
719 2914 878 2979 Pontifice
897 2912 984 2978 Max.
1007 2933 1061 2976 re·

70 2996 208 3085 serantur,
232 3029 273 3070 ao
288 3027 347 3093 per
368 3003 471 3090 ipsum
493 3005 715 3066 terminentur.
859 3014 863 3023 ’

23 3156 30 3205 t
69 3206 235 3279 Decretum
250 3211 531 3302 prorogationis,
558 3179 776 3298 definitionis
795 3215 945 3294 quatuor
965 3202 1060 3269 orti·
1098 3192 1103 3204 ’

70 3292 204 3362 culorum
224 3295 503 3448 desocrnmento
525 3291 786 3383 Eucharistiae,
808 3299 843 3389 et
861 3288 954 3376 solvi
974 3309 1059 3354 eon-

293 3391 393 3448 uotuo
417 3378 687 3471 protestantibus
705 3376 827 3443 dando.

11 3476 24 3569 i
116 3504 226 3575 Eadem
256 3514 360 3575 sancta
394 3508 534 3609 synodue
567 3526 692 3572 errores
714 3522 845 3581 omnen,
874 3499 931 3589 qui
962 3502 1058 3585 super

11 3564 17 3741 i

13 3788 17 3817 ;
94 3754 192 3822 atsur.
220 3760 327 3815 XXIV.
354 3757 388 3812 do
414 3756 528 3813 reform.
554 3774 578 3810 o.
603 3760 630 3817 5.
656 3783 691 3794 -
736 3756 761 3821 r)
778 3752 854 3808 Grat.
879 3750 953 3803 deor.
971 3748 1002 3800 P.
1022 3746 1054 3800 tl.

15 3840 19 3855 '
96 3827 156 3885 ΜΕ
172 3840 198 3891 2.
214 3848 261 3899 qu.
280 3836 307 3892 4.
330 3847 355 3885 e.
372 3838 400 3892 3.
417 3829 501 3883 Cone.
522 3828 615 3882 Carth.
639 3829 675 3882 ΙΙ.
702 3844 726 3880 a.
744 3833 806 3888 390.
826 3840 887 3876 ean.
911 3827 937 3881 6.
957 3818 1055 3884 (trano

94 3895 122 3953 T.
138 3903 182 3957 ΙΙΙ.
200 3920 226 3972 p·
245 3899 330 3969 (iiii)-
347 3929 382 3941 -
416 3902 441 3970 t)
459 3900 526 3956 soff.
544 3901 650 3955 XXIV.
669 3899 702 3951 de
721 3897 833 3951 reform.
851 3911 876 3950 o.
894 3898 921 3952 5.

12 3990 25 4409 Ι
