2528 4522
282 360 286 367 ι
361 249 560 331 Decretum
589 260 635 329 do
667 258 979 339 reformatione-it·
1089 276 1165 365 193Ι

142 440 391 508 subdiaconatus
410 444 526 508 ordine
544 443 860 510 ‘soltemconditutus
880 464 946 507 non
970 446 1027 528 fit3
1049 469 1162 513 vocem
1233 462 1236 468 '

142 530 180 592 in
203 531 389 615 hujusmodi
411 532 547 594 ecclefiis
578 532 613 593 in
641 531 779 614 capitulo
809 541 876 594 non
897 531 1031 617 habaet,
1063 536 1162 598 etiam

142 615 253 678 fihoc
276 617 333 678 fibi
364 620 401 679 ab
435 617 511 679 aliis
534 617 635 678 libere
655 612 754 677 suerit
774 613 965 679 convolsum.
1017 617 1162 700 livero,

142 701 202 788 qui'
218 700 410 782 dignitates,
431 700 783 788 personatus,.officio,
831 701 1012 775 raebendas,
1031 709 1163 790 portio·
1194 720 1197 725 ’
1222 692 1237 723 “’

140 806 222 865 nes,
243 808 280 850 ac
302 789 461 877 quaelibet
481 789 543 851 alia
565 788 718 850 beneficia
738 787 775 877 in
796 723 827 849 ri

140 884 243 950 nent,
265 886 320 936 aut
340 875 377 937 in
399 874 790 958 posterom'obtinebunt,
810 874 925 959 quibus
949 890 1047 939 onera
1070 878 1160 940 varia
1228 926 1231 933 .

139 961 214 1022 funt
238 980 383 1037 annexa,
397 958 560 1036 videlicet,
582 969 618 1021 ut
633 960 693 1020 stit
713 956 841 1036 mitras,
863 960 924 1021 alii
940 963 1160 1042 evangelium,
1190 984 1192 989 ’

103 1052 124 1089 “-’
139 1044 364 1130 aliiepidolas
377 1043 494 1123 dicant,
515 1049 569 1108 reu
583 1043 769 1121 ⁹)cantent3
792 1064 990 1132 quorumque
1008 1048 1034 1108 ii
1051 1049 1160 1134 privi-

139 1130 241 1211 legio,
263 1131 482 1216 exemptione,
505 1131 747 1215 praerogativa,
762 1130 896 1210 generis
916 1133 1084 1197 nobilitate
1099 1135 1161 1197 tint

139 1215 298 1297 indgniti,
323 1227 502 1291 teneantur,
522 1215 597 1297 justo
615 1214 1010 1301 impedimentoceffante,
1031 1225 1063 1298 ¹)
1074 1217 1160 1283 infra

141 1323 264 1365 annum
295 1301 428 1364 ordines
458 1301 619 1386 suscipere
642 1299 826 1386 requilitos:
861 1302 1009 1388 alioquin
1036 1325 1159 1389 poenas
1201 1332 1204 1337 ·

140 1387 323 1463 incurrant,
362 1389 452 1470 juxta
487 1386 745 1448 constitutionem
784 1387 917 1448 concilii
954 1388 1159 1468 Viennenfis‚

140 1470 270 1559 l’)qnae
292 1473 428 1559 incipit,
466 1468 513 1533 Ut
533 1469 576 1548 ii,
596 1468 680 1618 paci.-
718 1492 811 1558 quam
835 1475 995 1556 praesenti
1031 1472 1158 1538 d'ecreto
1239 1538 1242 1545 ,

139 1558 290 1621 innovat.
334 1556 518 1643 Cogentque
540 1556 593 1641 epi
609 1555 756 1642 copiaco
778 1556 891 1619 diebus
912 1557 1032 1621 statutis
1055 1558 1160 1623 dictos

141 1642 274 1707 ordines
295 1664 354 1729 per
374 1643 495 1729 seipsos
517 1648 730 1722 ⁰)exercere,
766 1663 801 1705 ac
829 1653 931 1705 cetere
954 1644 1063 1708 omnia
1085 1644 1161 1708 offi-

104 1804 105 1809 .
140 1730 208 1806 cia,
239 1752 321 1818 quae
342 1729 475 1808 debent,
503 1728 540 1792 in
560 1729 647 1790 cultu
669 1726 785 1790 divino
808 1728 981 1813 praestare,
1013 1733 1069 1794 sub
1091 1731 1161 1794 eis-

139 1815 234 1893 dem,
267 1829 301 1878 ct
321 1815 414 1892 aliis,
436 1817 531 1879 etiarn
553 1813 756 1895 gravioribus
783 1815 917 1898 poenis,
944 1815 1078 1879 arbitrio
1100 1838 1160 1879 eo-

140 1924 210 1966 rum
230 1901 450 1987 imponendis.
491 1899 556 1981 Nec
578 1899 654 1961 aliis
675 1899 724 1963 'in
739 1899 897 1984 potiorum
921 1901 979 1964 fiat
999 1902 1161 1987 provifi03

139 1989 198 2051 niti
221 1988 267 2051 iis
297 1988 377 2077 ‚qui
396 1987 458 2068 jam
479 1996 638 2063 aetatem,
671 1995 703 2047 et
725 1994 846 2047 ceteras
869 1986 1052 2049 habilitates
1071 1988 1161 2049 inte-

140 2094 197 2155 gre
219 2031 338 2147 helian
359 2072 601 2156 dignoscantur:
634 2070 741 2133 aliter.
756 2070 856 2132 ¹irrita
883 2072 922 2133 fit
941 2071 1085 2159 provifio
1102 2071 1160 2153 ¹⁰).

294 2074 303 2087 t.

258 2148 286 2179 Ι’.Ι
313 2150 328 2181 Ι.

246 2192 287 2223 1⁸¹

189 2272 240 2383 .⁶
345 2306 347 2311 ’
476 2416 478 2420 .
584 2322 662 2388 cn.
684 2322 731 2390 v,
919 2416 921 2421 ,

143 2457 450 2552 [Dispensatiooea
473 2467 578 2526 extra
605 2457 743 2525 curiam
762 2454 927 2557 episeopo¹
940 2456 1160 2525 committon.

372 2553 454 2626 tur,
487 2542 644 2610 etatae
668 2547 942 2628 conmmeatum]
1015 2633 1029 2647 Ἰ
1064 2601 1068 2610 ,

200 2687 482 2777 Dispensationes,
504 2708 700 2774 quacumque
718 2685 907 2749 auctoritate
928 2685 1159 2767 concedendae,
1243 2722 1252 2741 ι

142 2779 279 2842 dextra
300 2774 477 2838 Romanam
510 2773 630 2834 curiam
657 2772 905 2855 committendae
927 2782 1038 2857 errant,
1066 2795 1159 2835 corn-

141 2864 307 2929 mittantur
337 2856 511 2923 ordinariis
540 2858 695 2934 illorum,
730 2859 786 2942 qui
816 2878 869 2920 eas
888 2858 1158 2943 impetraverint.

142 2948 203 3014 Eae
226 2969 322 3018 roro,
359 2967 439 3032 quae
460 2945 599 3026 gratiose
621 2943 855 3021 concedentur,
885 2944 977 3006 suurn
998 2964 1065 3004 non
1085 2947 1159 3015 sor,-

141 3038 259 3101 tiantur
280 3032 446 3105 effectum,
468 3030 530 3093 niti
572 3029 663 3113 prius
687 3031 724 3111 ab
748 3026 887 3106 eisdem,
916 3040 1075 3113 tamquam
1097 3027 1157 3089 de-

141 3122 255 3203 legatis
276 3117 474 3205 apostolicis,
496 3114 666 3178 summaria
688 3125 824 3192 tanturn,
848 3127 881 3176 et
903 3113 1167 3197 extrajudiciali—·

142 3218 188 3273 ter
220 3208 449 3287 cognoscatur,
484 3198 647 3285 expreffos
682 3220 792 3285 preces
830 3199 1068 3286 subreptionis,
1102 3200 1157 3263 vel

142 3291 344 3380 obreptionis
364 3287 449 3351 vitio
471 3308 540 3350 non
560 3285 726 3369 subjacere.
948 3300 963 3317 ’·
1049 3299 1052 3304 ·

172 3580 202 3647 9)
220 3588 249 3631 et
263 3593 314 3644 pro
335 3573 381 3628 seu
401 3571 499 3628 Bria,
527 3568 619 3637 Virri,
644 3568 756 3628 tatem„
784 3566 874 3621 Hord.
892 3595 929 3608 -
973 3568 1021 3636 10)
1038 3565 1157 3623 aliter„

173 3647 295 3718 prosilio
314 3666 363 3703 om.
384 3643 470 3708 Viro„
487 3643 581 3696 ercm.
920 3670 924 3676 .

174 3804 201 3870 a)
220 3803 340 3868 Gregor.
360 3801 442 3852 Decr.
461 3799 494 3850 L.
513 3799 535 3850 t.
553 3799 595 3851 tit.
616 3801 658 3856 14.
677 3811 701 3849 c.
721 3799 747 3854 5.
766 3791 846 3846 Sexti
864 3795 945 3847 Decr.
963 3788 993 3846 L.
1014 3792 1062 3845 tii.
1081 3794 1122 3845 tit.
1131 3795 1158 3849 6.

173 3892 198 3930 c.
216 3883 243 3935 2.
263 3901 298 3911 -
335 3872 364 3938 b)
383 3870 549 3924 Cienrentitr·
565 3868 596 3924 L.
614 3870 636 3925 t.
653 3871 696 3921 tit.
712 3872 739 3928 6.
756 3882 781 3920 o.
799 3875 827 3927 2.
844 3893 880 3906 -
922 3863 950 3931 o)
968 3861 1035 3918 deff.
1051 3861 1157 3917 XXIV.

120 4003 127 4017 ,
175 3948 209 4001 ds
225 3944 339 4000 resono.
358 3960 382 3996 e.
401 3950 444 4002 12.

819 788 893 849 ictis
914 789 1052 852 ecclefiie
1074 792 1163 853 obti·
1228 784 1248 847 ’.
