<?xml version="1.0" encoding="UTF-8"?>
<!DOCTYPE html PUBLIC "-//W3C//DTD XHTML 1.0 Transitional//EN"
    "http://www.w3.org/TR/xhtml1/DTD/xhtml1-transitional.dtd">
<html xmlns="http://www.w3.org/1999/xhtml" xml:lang="en" lang="en">
 <head>
  <title>
</title>
<meta http-equiv="Content-Type" content="text/html;charset=utf-8" />
  <meta name='ocr-system' content='tesseract 3.04.00' />
  <meta name='ocr-capabilities' content='ocr_page ocr_carea ocr_par ocr_line ocrx_word'/>
</head>
<body>
  <div class='ocr_page' id='page_1' title='image "./librisymbolicie00stregoog/librisymbolicie00stregoog_0083.png"; bbox 0 0 2528 4522; ppageno 0'>
   <div class='ocr_carea' id='block_1_1' title="bbox 737 92 760 143">
    <p class='ocr_par' dir='ltr' id='par_1_1' title="bbox 737 92 760 143">
     <span class='ocr_line' id='line_1_1' title="bbox 737 92 760 143; baseline 0 0"><span class='ocrx_word' id='word_1_1' title='bbox 737 92 760 143; x_wconf 57' lang='grc' dir='ltr'>ἱ</span> 
     </span>
    </p>
   </div>
   <div class='ocr_carea' id='block_1_2' title="bbox 199 276 1139 374">
    <p class='ocr_par' dir='ltr' id='par_1_2' title="bbox 199 276 1139 374">
     <span class='ocr_line' id='line_1_2' title="bbox 199 276 1139 374; baseline 0 -25"><span class='ocrx_word' id='word_1_2' title='bbox 199 295 248 367; x_wconf 79' lang='lat'>72</span> <span class='ocrx_word' id='word_1_3' title='bbox 326 276 464 374; x_wconf 67' lang='lat' dir='ltr'>Appt.</span> <span class='ocrx_word' id='word_1_4' title='bbox 488 280 533 349; x_wconf 87' lang='lat' dir='ltr'>ad</span> <span class='ocrx_word' id='word_1_5' title='bbox 551 279 687 349; x_wconf 85' lang='lat' dir='ltr'>Oeneil.</span> <span class='ocrx_word' id='word_1_6' title='bbox 715 278 878 349; x_wconf 82' lang='lat' dir='ltr'>Trident.</span> <span class='ocrx_word' id='word_1_7' title='bbox 932 278 1139 350; x_wconf 68' lang='lat' dir='ltr'>sets-XIII.</span> 
     </span>
    </p>
   </div>
   <div class='ocr_carea' id='block_1_3' title="bbox 198 462 1216 1485">
    <p class='ocr_par' dir='ltr' id='par_1_3' title="bbox 198 462 1216 1485">
     <span class='ocr_line' id='line_1_3' title="bbox 201 462 1214 548; baseline -0.004 -22"><span class='ocrx_word' id='word_1_8' title='bbox 201 467 262 528; x_wconf 87' lang='lat' dir='ltr'>troc</span> <span class='ocrx_word' id='word_1_9' title='bbox 284 464 471 530; x_wconf 84' lang='lat' dir='ltr'>sanctissimo</span> <span class='ocrx_word' id='word_1_10' title='bbox 494 466 686 526; x_wconf 89' lang='lat' dir='ltr'>sacramento</span> <span class='ocrx_word' id='word_1_11' title='bbox 704 462 948 548; x_wconf 79' lang='lat' dir='ltr'>repullularunt,</span> <span class='ocrx_word' id='word_1_12' title='bbox 968 473 1128 546; x_wconf 77' lang='lat' dir='ltr'>tamquam</span> <span class='ocrx_word' id='word_1_13' title='bbox 1150 480 1214 522; x_wconf 83' lang='lat' dir='ltr'>ve-</span> 
     </span>
     <span class='ocr_line' id='line_1_4' title="bbox 199 545 1213 634; baseline -0.004 -22"><span class='ocrx_word' id='word_1_14' title='bbox 199 572 273 634; x_wconf 83' lang='lat' dir='ltr'><strong>pres</strong></span> <span class='ocrx_word' id='word_1_15' title='bbox 293 574 334 613; x_wconf 84' lang='lat' dir='ltr'>ex</span> <span class='ocrx_word' id='word_1_16' title='bbox 355 571 429 630; x_wconf 81' lang='lat' dir='ltr'>agro</span> <span class='ocrx_word' id='word_1_17' title='bbox 453 548 626 611; x_wconf 85' lang='lat' dir='ltr'>Durninico</span> <span class='ocrx_word' id='word_1_18' title='bbox 646 549 803 624; x_wconf 87' lang='lat' dir='ltr'>evellere,</span> <span class='ocrx_word' id='word_1_19' title='bbox 836 569 870 610; x_wconf 89' lang='lat' dir='ltr'>ac</span> <span class='ocrx_word' id='word_1_20' title='bbox 891 547 1040 608; x_wconf 80' lang='lat' dir='ltr'>&#39;omnium</span> <span class='ocrx_word' id='word_1_21' title='bbox 1064 545 1213 608; x_wconf 88' lang='lat' dir='ltr'>fidelium</span> 
     </span>
     <span class='ocr_line' id='line_1_5' title="bbox 200 629 1212 721; baseline -0.005 -22"><span class='ocrx_word' id='word_1_22' title='bbox 200 638 295 700; x_wconf 86' lang='lat' dir='ltr'>saluti</span> <span class='ocrx_word' id='word_1_23' title='bbox 318 637 500 721; x_wconf 80' lang='lat' dir='ltr'>prospicere</span> <span class='ocrx_word' id='word_1_24' title='bbox 533 635 684 721; x_wconf 82' lang='lat' dir='ltr'>cupiens,</span> <span class='ocrx_word' id='word_1_25' title='bbox 715 632 916 721; x_wconf 79' lang='lat' dir='ltr'>quotidianis</span> <span class='ocrx_word' id='word_1_26' title='bbox 938 633 1107 716; x_wconf 87' lang='lat' dir='ltr'>precibus,</span> <span class='ocrx_word' id='word_1_27' title='bbox 1140 629 1212 694; x_wconf 91' lang='lat' dir='ltr'>Deo</span> 
     </span>
     <span class='ocr_line' id='line_1_6' title="bbox 200 717 1214 809; baseline -0.004 -26"><span class='ocrx_word' id='word_1_28' title='bbox 200 722 419 809; x_wconf 74' lang='lat' dir='ltr'><strong>omnipotenti</strong></span> <span class='ocrx_word' id='word_1_29' title='bbox 443 721 497 806; x_wconf 92' lang='lat' dir='ltr'>pie</span> <span class='ocrx_word' id='word_1_30' title='bbox 519 720 655 790; x_wconf 87' lang='lat' dir='ltr'>oblatis,</span> <span class='ocrx_word' id='word_1_31' title='bbox 674 720 759 780; x_wconf 89' lang='lat' dir='ltr'>inter</span> <span class='ocrx_word' id='word_1_32' title='bbox 776 719 868 793; x_wconf 89' lang='lat' dir='ltr'>alios,</span> <span class='ocrx_word' id='word_1_33' title='bbox 893 717 931 778; x_wconf 89' lang='lat' dir='ltr'>ad</span> <span class='ocrx_word' id='word_1_34' title='bbox 957 718 1018 778; x_wconf 89' lang='lat' dir='ltr'>lroc</span> <span class='ocrx_word' id='word_1_35' title='bbox 1033 721 1214 779; x_wconf 86' lang='lat' dir='ltr'>sacramen-</span> 
     </span>
     <span class='ocr_line' id='line_1_7' title="bbox 198 803 1213 890; baseline -0.006 -22"><span class='ocrx_word' id='word_1_36' title='bbox 198 819 267 868; x_wconf 87' lang='lat' dir='ltr'>tum</span> <span class='ocrx_word' id='word_1_37' title='bbox 290 806 506 890; x_wconf 67' lang='lat' dir='ltr'>pertinentes,</span> <span class='ocrx_word' id='word_1_38' title='bbox 539 804 705 878; x_wconf 83' lang='lat' dir='ltr'>articulos,</span> <span class='ocrx_word' id='word_1_39' title='bbox 734 803 973 882; x_wconf 80' lang='lat' dir='ltr'>diligentissima</span> <span class='ocrx_word' id='word_1_40' title='bbox 996 803 1143 863; x_wconf 86' lang='lat' dir='ltr'>veritatis</span> <span class='ocrx_word' id='word_1_41' title='bbox 1160 823 1213 863; x_wconf 89' lang='lat' dir='ltr'>ca-</span> 
     </span>
     <span class='ocr_line' id='line_1_8' title="bbox 199 888 1214 980; baseline -0.006 -26"><span class='ocrx_word' id='word_1_42' title='bbox 199 892 341 954; x_wconf 87' lang='lat' dir='ltr'>tholicae</span> <span class='ocrx_word' id='word_1_43' title='bbox 363 891 570 980; x_wconf 73' lang='lat' dir='ltr'>inquisitione</span> <span class='ocrx_word' id='word_1_44' title='bbox 593 901 740 950; x_wconf 86' lang='lat' dir='ltr'>tractatos</span> <span class='ocrx_word' id='word_1_45' title='bbox 753 933 761 962; x_wconf 91' lang='lat'>,</span> <span class='ocrx_word' id='word_1_46' title='bbox 774 889 940 972; x_wconf 81' lang='lat' dir='ltr'>plurimis·</span> <span class='ocrx_word' id='word_1_47' title='bbox 954 888 1214 949; x_wconf 85' lang='lat' dir='ltr'>accuratissimis-</span> 
     </span>
     <span class='ocr_line' id='line_1_9' title="bbox 199 972 1216 1060; baseline -0.003 -23"><span class='ocrx_word' id='word_1_48' title='bbox 199 997 260 1060; x_wconf 88' lang='lat' dir='ltr'>que</span> <span class='ocrx_word' id='word_1_49' title='bbox 278 990 336 1058; x_wconf 86' lang='lat' dir='ltr'>pro</span> <span class='ocrx_word' id='word_1_50' title='bbox 358 997 464 1038; x_wconf 89' lang='lat' dir='ltr'>rerum</span> <span class='ocrx_word' id='word_1_51' title='bbox 481 976 636 1055; x_wconf 81' lang='lat' dir='ltr'>gravitate</span> <span class='ocrx_word' id='word_1_52' title='bbox 653 972 1077 1059; x_wconf 76' lang='lat' dir='ltr'>disputationibus&#39;habitis,</span> <span class='ocrx_word' id='word_1_53' title='bbox 1099 973 1216 1052; x_wconf 85' lang='lat' dir='ltr'>cogni-</span> 
     </span>
     <span class='ocr_line' id='line_1_10' title="bbox 198 1059 1214 1148; baseline -0.003 -27"><span class='ocrx_word' id='word_1_54' title='bbox 198 1065 242 1122; x_wconf 86' lang='lat' dir='ltr'>tis</span> <span class='ocrx_word' id='word_1_55' title='bbox 265 1082 390 1148; x_wconf 87' lang='lat' dir='ltr'>quoque</span> <span class='ocrx_word' id='word_1_56' title='bbox 419 1059 747 1146; x_wconf 80' lang='lat' dir='ltr'>praestantissimorum</span> <span class='ocrx_word' id='word_1_57' title='bbox 779 1060 1003 1138; x_wconf 83' lang='lat' dir='ltr'>theologorum</span> <span class='ocrx_word' id='word_1_58' title='bbox 1035 1059 1214 1133; x_wconf 82' lang='lat' dir='ltr'>sententiis,</span> 
     </span>
     <span class='ocr_line' id='line_1_11' title="bbox 199 1141 1216 1219; baseline -0.002 -13"><span class='ocrx_word' id='word_1_59' title='bbox 199 1148 260 1208; x_wconf 90' lang='lat' dir='ltr'>hos</span> <span class='ocrx_word' id='word_1_60' title='bbox 282 1147 379 1208; x_wconf 90' lang='lat' dir='ltr'>etiam</span> <span class='ocrx_word' id='word_1_61' title='bbox 410 1146 579 1207; x_wconf 85' lang='lat' dir='ltr'>tractabat:</span> <span class='ocrx_word' id='word_1_62' title='bbox 611 1142 666 1206; x_wconf 87' lang='lat' dir='ltr'>An</span> <span class='ocrx_word' id='word_1_63' title='bbox 698 1142 902 1206; x_wconf 84' lang='lat' dir='ltr'>necessarium</span> <span class='ocrx_word' id='word_1_64' title='bbox 932 1143 969 1203; x_wconf 93' lang='lat' dir='ltr'>sit</span> <span class='ocrx_word' id='word_1_65' title='bbox 998 1141 1036 1203; x_wconf 88' lang='lat' dir='ltr'>ad</span> <span class='ocrx_word' id='word_1_66' title='bbox 1068 1144 1216 1219; x_wconf 85' lang='lat' dir='ltr'>salutem,</span> 
     </span>
     <span class='ocr_line' id='line_1_12' title="bbox 201 1225 1214 1327; baseline -0.006 -34"><span class='ocrx_word' id='word_1_67' title='bbox 201 1242 233 1293; x_wconf 90' lang='lat' dir='ltr'>et</span> <span class='ocrx_word' id='word_1_68' title='bbox 266 1229 380 1292; x_wconf 90' lang='lat' dir='ltr'>divino</span> <span class='ocrx_word' id='word_1_69' title='bbox 411 1228 483 1327; x_wconf 77' lang='lat' dir='ltr'>jure</span> <span class='ocrx_word' id='word_1_70' title='bbox 507 1242 728 1314; x_wconf 85' lang='lat' dir='ltr'>praeceptum,</span> <span class='ocrx_word' id='word_1_71' title='bbox 762 1240 797 1290; x_wconf 91' lang='lat' dir='ltr'>ut</span> <span class='ocrx_word' id='word_1_72' title='bbox 824 1229 939 1309; x_wconf 77' lang='lat' dir='ltr'>singuli</span> <span class='ocrx_word' id='word_1_73' title='bbox 962 1225 1079 1289; x_wconf 72' lang='lat' dir='ltr'>(tta-itti</span> <span class='ocrx_word' id='word_1_74' title='bbox 1100 1227 1214 1290; x_wconf 87' lang='lat' dir='ltr'>fideles</span> 
     </span>
     <span class='ocr_line' id='line_1_13' title="bbox 198 1314 1215 1405; baseline -0.005 -26"><span class='ocrx_word' id='word_1_75' title='bbox 198 1316 255 1379; x_wconf 91' lang='lat' dir='ltr'>sub</span> <span class='ocrx_word' id='word_1_76' title='bbox 278 1326 345 1376; x_wconf 87' lang='lat' dir='ltr'>utra</span> <span class='ocrx_word' id='word_1_77' title='bbox 371 1336 408 1377; x_wconf 94' lang='lat' dir='ltr'>ue</span> <span class='ocrx_word' id='word_1_78' title='bbox 426 1317 530 1399; x_wconf 85' lang='lat' dir='ltr'>specie</span> <span class='ocrx_word' id='word_1_79' title='bbox 552 1317 655 1405; x_wconf 87' lang='lat' dir='ltr'>ipsum</span> <span class='ocrx_word' id='word_1_80' title='bbox 677 1314 860 1376; x_wconf 81' lang='lat' dir='ltr'>venerabile</span> <span class='ocrx_word' id='word_1_81' title='bbox 881 1319 1107 1375; x_wconf 88' lang='lat' dir='ltr'>sacramentum</span> <span class='ocrx_word' id='word_1_82' title='bbox 1129 1317 1215 1375; x_wconf 87' lang='lat' dir='ltr'>acci-</span> 
     </span>
     <span class='ocr_line' id='line_1_14' title="bbox 199 1338 1213 1485; baseline 0.002 -25"><span class='ocrx_word' id='word_1_83' title='bbox 199 1401 301 1485; x_wconf 87' lang='lat' dir='ltr'>piant.</span> <span class='ocrx_word' id='word_1_84' title='bbox 343 1338 400 1464; x_wconf 58' lang='lat' dir='ltr'>dt:</span> <span class='ocrx_word' id='word_1_85' title='bbox 432 1400 516 1462; x_wconf 85' lang='lat' dir='ltr'>Nom</span> <span class='ocrx_word' id='word_1_86' title='bbox 537 1403 645 1463; x_wconf 81' lang='lat' dir='ltr'>ntinus</span> <span class='ocrx_word' id='word_1_87' title='bbox 666 1397 787 1471; x_wconf 85' lang='lat' dir='ltr'>seruat,</span> <span class='ocrx_word' id='word_1_88' title='bbox 815 1398 871 1485; x_wconf 91' lang='lat' dir='ltr'>qui</span> <span class='ocrx_word' id='word_1_89' title='bbox 893 1400 947 1461; x_wconf 90' lang='lat' dir='ltr'>sub</span> <span class='ocrx_word' id='word_1_90' title='bbox 969 1399 1087 1474; x_wconf 86' lang='lat' dir='ltr'>altera,</span> <span class='ocrx_word' id='word_1_91' title='bbox 1120 1420 1213 1484; x_wconf 88' lang='lat' dir='ltr'>quam</span> 
     </span>
    </p>
   </div>
   <div class='ocr_carea' id='block_1_4' title="bbox 200 1483 1227 1738">
    <p class='ocr_par' dir='ltr' id='par_1_4' title="bbox 200 1483 1227 1738">
     <span class='ocr_line' id='line_1_15' title="bbox 200 1483 1213 1572; baseline -0.002 -26"><span class='ocrx_word' id='word_1_92' title='bbox 200 1486 256 1572; x_wconf 91' lang='lat' dir='ltr'>qui</span> <span class='ocrx_word' id='word_1_93' title='bbox 277 1488 333 1547; x_wconf 89' lang='lat' dir='ltr'>sub</span> <span class='ocrx_word' id='word_1_94' title='bbox 354 1496 485 1571; x_wconf 84' lang='lat' dir='ltr'>utraque</span> <span class='ocrx_word' id='word_1_95' title='bbox 507 1485 731 1547; x_wconf 87' lang='lat' dir='ltr'>communicet.</span> <span class='ocrx_word' id='word_1_96' title='bbox 772 1483 830 1545; x_wconf 86' lang='lat' dir='ltr'>Et:</span> <span class='ocrx_word' id='word_1_97' title='bbox 855 1486 909 1545; x_wconf 89' lang='lat' dir='ltr'>An</span> <span class='ocrx_word' id='word_1_98' title='bbox 933 1484 1089 1545; x_wconf 84' lang='lat' dir='ltr'>erraverit</span> <span class='ocrx_word' id='word_1_99' title='bbox 1111 1487 1213 1545; x_wconf 86' lang='lat' dir='ltr'>sancta</span> 
     </span>
     <span class='ocr_line' id='line_1_16' title="bbox 200 1568 1227 1647; baseline 0 -17"><span class='ocrx_word' id='word_1_100' title='bbox 200 1581 303 1632; x_wconf 87' lang='lat' dir='ltr'>mater</span> <span class='ocrx_word' id='word_1_101' title='bbox 325 1570 484 1646; x_wconf 86' lang='lat' dir='ltr'>ecclesia,</span> <span class='ocrx_word' id='word_1_102' title='bbox 504 1572 625 1644; x_wconf 86' lang='lat' dir='ltr'>laicos,</span> <span class='ocrx_word' id='word_1_103' title='bbox 659 1582 690 1631; x_wconf 89' lang='lat' dir='ltr'>et</span> <span class='ocrx_word' id='word_1_104' title='bbox 722 1591 787 1632; x_wconf 87' lang='lat' dir='ltr'>non</span> <span class='ocrx_word' id='word_1_105' title='bbox 809 1570 1004 1630; x_wconf 81' lang='lat' dir='ltr'>celebrantes</span> <span class='ocrx_word' id='word_1_106' title='bbox 1025 1568 1227 1647; x_wconf 68' lang='lat' dir='ltr'>sacerdotes,</span> 
     </span>
     <span class='ocr_line' id='line_1_17' title="bbox 200 1652 1215 1738; baseline 0 -21"><span class='ocrx_word' id='word_1_107' title='bbox 200 1656 372 1738; x_wconf 85' lang='lat' dir='ltr'>subponis</span> <span class='ocrx_word' id='word_1_108' title='bbox 404 1654 508 1738; x_wconf 89' lang='lat' dir='ltr'>specie</span> <span class='ocrx_word' id='word_1_109' title='bbox 539 1655 703 1716; x_wconf 77' lang='lat' dir='ltr'>dumtaxat</span> <span class='ocrx_word' id='word_1_110' title='bbox 736 1653 1010 1716; x_wconf 82' lang='lat' dir='ltr'>comumuicando.</span> <span class='ocrx_word' id='word_1_111' title='bbox 1067 1652 1128 1716; x_wconf 86' lang='lat' dir='ltr'>Et:</span> <span class='ocrx_word' id='word_1_112' title='bbox 1158 1653 1215 1717; x_wconf 85' lang='lat' dir='ltr'>An</span> 
     </span>
    </p>
   </div>
   <div class='ocr_carea' id='block_1_5' title="bbox 137 1737 1215 3783">
    <p class='ocr_par' dir='ltr' id='par_1_5' title="bbox 137 1737 1215 3783">
     <span class='ocr_line' id='line_1_18' title="bbox 199 1737 1215 1824; baseline 0.006 -25"><span class='ocrx_word' id='word_1_113' title='bbox 199 1741 330 1824; x_wconf 86' lang='lat' dir='ltr'>parvuli</span> <span class='ocrx_word' id='word_1_114' title='bbox 362 1739 459 1802; x_wconf 89' lang='lat' dir='ltr'>etiam</span> <span class='ocrx_word' id='word_1_115' title='bbox 481 1738 737 1803; x_wconf 80' lang='lat' dir='ltr'>cornrrrunicaudi</span> <span class='ocrx_word' id='word_1_116' title='bbox 757 1739 828 1804; x_wconf 90' lang='lat' dir='ltr'>sint.</span> <span class='ocrx_word' id='word_1_117' title='bbox 892 1737 953 1800; x_wconf 89' lang='lat' dir='ltr'>Sed</span> <span class='ocrx_word' id='word_1_118' title='bbox 990 1739 1144 1824; x_wconf 87' lang='lat' dir='ltr'>quoniam</span> <span class='ocrx_word' id='word_1_119' title='bbox 1170 1760 1215 1807; x_wconf 77' lang='lat' dir='ltr'>ex</span> 
     </span>
     <span class='ocr_line' id='line_1_19' title="bbox 164 1821 1215 1909; baseline 0.001 -23"><span class='ocrx_word' id='word_1_120' title='bbox 164 1832 170 1848; x_wconf 82' lang='lat'>⁸</span> <span class='ocrx_word' id='word_1_121' title='bbox 200 1821 395 1887; x_wconf 81' lang='lat' dir='ltr'>nobilissima</span> <span class='ocrx_word' id='word_1_122' title='bbox 417 1822 607 1887; x_wconf 85' lang='lat' dir='ltr'>Germaniae</span> <span class='ocrx_word' id='word_1_123' title='bbox 630 1824 797 1908; x_wconf 89' lang='lat' dir='ltr'>provincia</span> <span class='ocrx_word' id='word_1_124' title='bbox 820 1824 881 1898; x_wconf 86' lang='lat' dir='ltr'>ii„</span> <span class='ocrx_word' id='word_1_125' title='bbox 898 1824 953 1909; x_wconf 88' lang='lat' dir='ltr'>qui</span> <span class='ocrx_word' id='word_1_126' title='bbox 985 1828 1016 1886; x_wconf 89' lang='lat' dir='ltr'>s&#39;e</span> <span class='ocrx_word' id='word_1_127' title='bbox 1038 1825 1215 1909; x_wconf 72' lang='lat' dir='ltr'>protestan-</span> 
     </span>
     <span class='ocr_line' id='line_1_20' title="bbox 201 1909 1215 1997; baseline 0.005 -28"><span class='ocrx_word' id='word_1_128' title='bbox 201 1918 250 1970; x_wconf 90' lang='lat' dir='ltr'>tes</span> <span class='ocrx_word' id='word_1_129' title='bbox 271 1911 462 1987; x_wconf 88' lang='lat' dir='ltr'>nominant,</span> <span class='ocrx_word' id='word_1_130' title='bbox 488 1913 582 1994; x_wconf 89' lang='lat' dir='ltr'>super</span> <span class='ocrx_word' id='word_1_131' title='bbox 601 1910 653 1971; x_wconf 86' lang='lat' dir='ltr'>hie</span> <span class='ocrx_word' id='word_1_132' title='bbox 675 1909 750 1994; x_wconf 90' lang='lat' dir='ltr'>ipsis</span> <span class='ocrx_word' id='word_1_133' title='bbox 767 1909 929 1983; x_wconf 86' lang='lat' dir='ltr'>articulis,</span> <span class='ocrx_word' id='word_1_134' title='bbox 965 1920 1135 1997; x_wconf 87' lang='lat' dir='ltr'>antequam</span> <span class='ocrx_word' id='word_1_135' title='bbox 1156 1911 1215 1974; x_wconf 91' lang='lat' dir='ltr'>de-</span> 
     </span>
     <span class='ocr_line' id='line_1_21' title="bbox 199 1992 1213 2078; baseline 0.003 -23"><span class='ocrx_word' id='word_1_136' title='bbox 199 1993 375 2070; x_wconf 78' lang='lat' dir='ltr'>finiantur,</span> <span class='ocrx_word' id='word_1_137' title='bbox 412 1994 516 2056; x_wconf 86' lang='lat' dir='ltr'>audiri</span> <span class='ocrx_word' id='word_1_138' title='bbox 537 2016 554 2055; x_wconf 90' lang='lat' dir='ltr'>a</span> <span class='ocrx_word' id='word_1_139' title='bbox 575 1992 676 2057; x_wconf 88' lang='lat' dir='ltr'>sancta</span> <span class='ocrx_word' id='word_1_140' title='bbox 696 1992 819 2073; x_wconf 87' lang='lat' dir='ltr'>synodo</span> <span class='ocrx_word' id='word_1_141' title='bbox 842 1995 991 2078; x_wconf 86' lang='lat' dir='ltr'>cupiunt,</span> <span class='ocrx_word' id='word_1_142' title='bbox 1024 2007 1057 2057; x_wconf 90' lang='lat' dir='ltr'>et</span> <span class='ocrx_word' id='word_1_143' title='bbox 1078 2016 1149 2058; x_wconf 88' lang='lat' dir='ltr'>eam</span> <span class='ocrx_word' id='word_1_144' title='bbox 1172 1998 1213 2058; x_wconf 93' lang='lat' dir='ltr'>ob</span> 
     </span>
     <span class='ocr_line' id='line_1_22' title="bbox 201 2077 1213 2166; baseline 0.003 -26"><span class='ocrx_word' id='word_1_145' title='bbox 201 2083 322 2142; x_wconf 89' lang='lat' dir='ltr'>causam</span> <span class='ocrx_word' id='word_1_146' title='bbox 356 2077 452 2142; x_wconf 87' lang='lat' dir='ltr'>fidem</span> <span class='ocrx_word' id='word_1_147' title='bbox 484 2078 643 2166; x_wconf 89' lang='lat' dir='ltr'>publicam</span> <span class='ocrx_word' id='word_1_148' title='bbox 669 2080 707 2141; x_wconf 90' lang='lat' dir='ltr'>ab</span> <span class='ocrx_word' id='word_1_149' title='bbox 740 2078 797 2139; x_wconf 88' lang='lat' dir='ltr'>illa</span> <span class='ocrx_word' id='word_1_150' title='bbox 825 2078 1038 2166; x_wconf 75' lang='lat' dir='ltr'>postularunt,</span> <span class='ocrx_word' id='word_1_151' title='bbox 1070 2092 1106 2143; x_wconf 92' lang='lat' dir='ltr'>ut</span> <span class='ocrx_word' id='word_1_152' title='bbox 1137 2082 1213 2165; x_wconf 88' lang='lat' dir='ltr'>ipsis</span> 
     </span>
     <span class='ocr_line' id='line_1_23' title="bbox 203 2163 1213 2241; baseline 0.004 -16"><span class='ocrx_word' id='word_1_153' title='bbox 203 2173 272 2226; x_wconf 93' lang='lat' dir='ltr'>tuto</span> <span class='ocrx_word' id='word_1_154' title='bbox 295 2166 356 2227; x_wconf 89' lang='lat' dir='ltr'>huc</span> <span class='ocrx_word' id='word_1_155' title='bbox 380 2163 509 2241; x_wconf 86' lang='lat' dir='ltr'>venire,</span> <span class='ocrx_word' id='word_1_156' title='bbox 532 2176 564 2226; x_wconf 90' lang='lat' dir='ltr'>et</span> <span class='ocrx_word' id='word_1_157' title='bbox 587 2165 621 2228; x_wconf 92' lang='lat' dir='ltr'>in</span> <span class='ocrx_word' id='word_1_158' title='bbox 645 2164 709 2226; x_wconf 90' lang='lat' dir='ltr'>hac.</span> <span class='ocrx_word' id='word_1_159' title='bbox 724 2165 801 2226; x_wconf 92' lang='lat' dir='ltr'>urbe</span> <span class='ocrx_word' id='word_1_160' title='bbox 821 2165 1031 2241; x_wconf 88' lang='lat' dir='ltr'>commorari,</span> <span class='ocrx_word' id='word_1_161' title='bbox 1057 2185 1092 2227; x_wconf 90' lang='lat' dir='ltr'>ac</span> <span class='ocrx_word' id='word_1_162' title='bbox 1112 2166 1213 2230; x_wconf 91' lang='lat' dir='ltr'>libere</span> 
     </span>
     <span class='ocr_line' id='line_1_24' title="bbox 137 2244 1214 2336; baseline 0.003 -27"><span class='ocrx_word' id='word_1_163' title='bbox 137 2244 144 2255; x_wconf 65' lang='grc'><em>’</em></span> <span class='ocrx_word' id='word_1_164' title='bbox 202 2270 307 2312; x_wconf 87' lang='lat' dir='ltr'>coram</span> <span class='ocrx_word' id='word_1_165' title='bbox 330 2249 453 2329; x_wconf 90' lang='lat' dir='ltr'>synodo</span> <span class='ocrx_word' id='word_1_166' title='bbox 476 2249 599 2325; x_wconf 87' lang='lat' dir='ltr'>dicere,</span> <span class='ocrx_word' id='word_1_167' title='bbox 632 2258 725 2336; x_wconf 87' lang='lat' dir='ltr'>atque</span> <span class='ocrx_word' id='word_1_168' title='bbox 746 2269 927 2334; x_wconf 90' lang='lat' dir='ltr'>proponere</span> <span class='ocrx_word' id='word_1_169' title='bbox 947 2270 1026 2334; x_wconf 90' lang='lat' dir='ltr'>quae</span> <span class='ocrx_word' id='word_1_170' title='bbox 1047 2253 1214 2326; x_wconf 77' lang='lat' dir='ltr'>senserint,</span> 
     </span>
     <span class='ocr_line' id='line_1_25' title="bbox 202 2328 1211 2422; baseline 0.006 -28"><span class='ocrx_word' id='word_1_171' title='bbox 202 2346 232 2395; x_wconf 89' lang='lat' dir='ltr'>et</span> <span class='ocrx_word' id='word_1_172' title='bbox 254 2335 380 2420; x_wconf 78' lang='lat' dir='ltr'>postea,</span> <span class='ocrx_word' id='word_1_173' title='bbox 416 2357 486 2398; x_wconf 85' lang='lat' dir='ltr'>curu</span> <span class='ocrx_word' id='word_1_174' title='bbox 502 2335 648 2408; x_wconf 87' lang='lat' dir='ltr'>libuerit,</span> <span class='ocrx_word' id='word_1_175' title='bbox 684 2333 831 2396; x_wconf 85' lang='lat' dir='ltr'>recedere</span> <span class='ocrx_word' id='word_1_176' title='bbox 861 2333 975 2397; x_wconf 77' lang='lat' dir='ltr'>liceat:</span> <span class='ocrx_word' id='word_1_177' title='bbox 1005 2328 1110 2398; x_wconf 78' lang='lat' dir='ltr'>sanctia</span> <span class='ocrx_word' id='word_1_178' title='bbox 1143 2339 1211 2422; x_wconf 89' lang='lat' dir='ltr'>ipsa</span> 
     </span>
     <span class='ocr_line' id='line_1_26' title="bbox 203 2419 1213 2500; baseline 0.002 -18"><span class='ocrx_word' id='word_1_179' title='bbox 203 2419 356 2498; x_wconf 87' lang='lat' dir='ltr'>synodus,</span> <span class='ocrx_word' id='word_1_180' title='bbox 387 2420 464 2481; x_wconf 90' lang='lat' dir='ltr'>licet</span> <span class='ocrx_word' id='word_1_181' title='bbox 484 2442 598 2500; x_wconf 82' lang='lat' dir='ltr'>inagna</span> <span class='ocrx_word' id='word_1_182' title='bbox 622 2419 775 2481; x_wconf 90' lang='lat' dir='ltr'>desiderio</span> <span class='ocrx_word' id='word_1_183' title='bbox 798 2440 909 2482; x_wconf 92' lang='lat' dir='ltr'>eorum</span> <span class='ocrx_word' id='word_1_184' title='bbox 932 2419 1105 2485; x_wconf 84' lang='lat' dir='ltr'>adventum</span> <span class='ocrx_word' id='word_1_185' title='bbox 1127 2425 1213 2485; x_wconf 92' lang='lat' dir='ltr'>mul-</span> 
     </span>
     <span class='ocr_line' id='line_1_27' title="bbox 201 2505 1214 2591; baseline 0.007 -29"><span class='ocrx_word' id='word_1_186' title='bbox 201 2514 254 2563; x_wconf 87' lang='lat' dir='ltr'>tos</span> <span class='ocrx_word' id='word_1_187' title='bbox 279 2515 371 2566; x_wconf 86' lang='lat' dir='ltr'>antea</span> <span class='ocrx_word' id='word_1_188' title='bbox 403 2509 527 2567; x_wconf 87' lang='lat' dir='ltr'>menses</span> <span class='ocrx_word' id='word_1_189' title='bbox 560 2505 773 2589; x_wconf 85' lang='lat' dir='ltr'>exspectarit,</span> <span class='ocrx_word' id='word_1_190' title='bbox 810 2514 917 2566; x_wconf 84' lang='lat' dir='ltr'>tamen</span> <span class='ocrx_word' id='word_1_191' title='bbox 949 2515 983 2566; x_wconf 90' lang='lat' dir='ltr'>ut</span> <span class='ocrx_word' id='word_1_192' title='bbox 1014 2507 1068 2591; x_wconf 91' lang='lat' dir='ltr'>pia</span> <span class='ocrx_word' id='word_1_193' title='bbox 1102 2521 1214 2586; x_wconf 87' lang='lat' dir='ltr'>rnater,</span> 
     </span>
     <span class='ocr_line' id='line_1_28' title="bbox 202 2587 1214 2687; baseline 0.008 -39"><span class='ocrx_word' id='word_1_194' title='bbox 202 2608 281 2671; x_wconf 88' lang='lat' dir='ltr'>quae</span> <span class='ocrx_word' id='word_1_195' title='bbox 296 2588 496 2666; x_wconf 86' lang='lat' dir='ltr'>ingemiscit,</span> <span class='ocrx_word' id='word_1_196' title='bbox 518 2601 551 2650; x_wconf 88' lang='lat' dir='ltr'>et</span> <span class='ocrx_word' id='word_1_197' title='bbox 571 2591 726 2687; x_wconf 87' lang='lat' dir='ltr'>parturit,</span> <span class='ocrx_word' id='word_1_198' title='bbox 749 2592 949 2674; x_wconf 88' lang='lat' dir='ltr'>summopere</span> <span class='ocrx_word' id='word_1_199' title='bbox 970 2587 1003 2650; x_wconf 91' lang='lat' dir='ltr'>id</span> <span class='ocrx_word' id='word_1_200' title='bbox 1026 2590 1214 2669; x_wconf 89' lang='lat' dir='ltr'>desiderans,</span> 
     </span>
     <span class='ocr_line' id='line_1_29' title="bbox 201 2671 1214 2758; baseline 0.01 -26"><span class='ocrx_word' id='word_1_201' title='bbox 201 2695 236 2733; x_wconf 87' lang='lat' dir='ltr'>ac</span> <span class='ocrx_word' id='word_1_202' title='bbox 257 2674 423 2750; x_wconf 87' lang='lat' dir='ltr'>laborans,</span> <span class='ocrx_word' id='word_1_203' title='bbox 447 2686 479 2734; x_wconf 89' lang='lat' dir='ltr'>ut</span> <span class='ocrx_word' id='word_1_204' title='bbox 500 2672 536 2735; x_wconf 91' lang='lat' dir='ltr'>in</span> <span class='ocrx_word' id='word_1_205' title='bbox 557 2673 618 2749; x_wconf 87' lang='lat' dir='ltr'>irs,</span> <span class='ocrx_word' id='word_1_206' title='bbox 640 2674 695 2758; x_wconf 91' lang='lat' dir='ltr'>qui</span> <span class='ocrx_word' id='word_1_207' title='bbox 720 2671 895 2737; x_wconf 80' lang='lat' dir='ltr'>Christiano</span> <span class='ocrx_word' id='word_1_208' title='bbox 916 2676 1051 2738; x_wconf 90' lang='lat' dir='ltr'>nomine</span> <span class='ocrx_word' id='word_1_209' title='bbox 1079 2684 1214 2742; x_wconf 87' lang='lat' dir='ltr'>censeo-</span> 
     </span>
     <span class='ocr_line' id='line_1_30' title="bbox 202 2757 1215 2846; baseline 0.012 -30"><span class='ocrx_word' id='word_1_210' title='bbox 202 2768 276 2827; x_wconf 88' lang='lat' dir='ltr'>tur,</span> <span class='ocrx_word' id='word_1_211' title='bbox 310 2759 399 2820; x_wconf 90' lang='lat' dir='ltr'>nulla</span> <span class='ocrx_word' id='word_1_212' title='bbox 427 2758 487 2819; x_wconf 86' lang='lat' dir='ltr'>sint</span> <span class='ocrx_word' id='word_1_213' title='bbox 515 2758 701 2832; x_wconf 85' lang='lat' dir='ltr'>schismata,</span> <span class='ocrx_word' id='word_1_214' title='bbox 732 2757 799 2835; x_wconf 88' lang='lat' dir='ltr'>sed,</span> <span class='ocrx_word' id='word_1_215' title='bbox 831 2759 1095 2846; x_wconf 89' lang='lat' dir='ltr'>quemadmodum</span> <span class='ocrx_word' id='word_1_216' title='bbox 1122 2786 1215 2828; x_wconf 89' lang='lat' dir='ltr'>euru-</span> 
     </span>
     <span class='ocr_line' id='line_1_31' title="bbox 202 2841 1213 2928; baseline 0.008 -26"><span class='ocrx_word' id='word_1_217' title='bbox 202 2841 274 2905; x_wconf 89' lang='lat' dir='ltr'>dern</span> <span class='ocrx_word' id='word_1_218' title='bbox 304 2848 427 2921; x_wconf 78' lang='lat' dir='ltr'>(irenes¹</span> <span class='ocrx_word' id='word_1_219' title='bbox 448 2842 569 2923; x_wconf 90' lang='lat' dir='ltr'>Deum,</span> <span class='ocrx_word' id='word_1_220' title='bbox 602 2855 635 2905; x_wconf 91' lang='lat' dir='ltr'>et</span> <span class='ocrx_word' id='word_1_221' title='bbox 667 2841 916 2928; x_wconf 88' lang='lat' dir='ltr'>Redemptorem</span> <span class='ocrx_word' id='word_1_222' title='bbox 949 2851 1144 2926; x_wconf 80' lang='lat' dir='ltr'>agnoscunt,</span> <span class='ocrx_word' id='word_1_223' title='bbox 1172 2851 1213 2911; x_wconf 91' lang='lat' dir='ltr'>ita</span> 
     </span>
     <span class='ocr_line' id='line_1_32' title="bbox 201 2926 1215 3015; baseline 0.009 -27"><span class='ocrx_word' id='word_1_224' title='bbox 201 2927 287 2990; x_wconf 92' lang='lat' dir='ltr'>idem</span> <span class='ocrx_word' id='word_1_225' title='bbox 311 2928 434 3003; x_wconf 89' lang='lat' dir='ltr'>dicant,</span> <span class='ocrx_word' id='word_1_226' title='bbox 458 2926 544 2990; x_wconf 87' lang='lat' dir='ltr'>idern</span> <span class='ocrx_word' id='word_1_227' title='bbox 560 2929 711 3007; x_wconf 89' lang='lat' dir='ltr'>credant,</span> <span class='ocrx_word' id='word_1_228' title='bbox 734 2929 819 2992; x_wconf 90' lang='lat' dir='ltr'>idem</span> <span class='ocrx_word' id='word_1_229' title='bbox 841 2932 983 3015; x_wconf 87' lang='lat' dir='ltr'>sapiant:</span> <span class='ocrx_word' id='word_1_230' title='bbox 1004 2933 1169 2997; x_wconf 83' lang='lat' dir='ltr'>confidens</span> <span class='ocrx_word' id='word_1_231' title='bbox 1187 2933 1215 3012; x_wconf 85' lang='lat'>¹)</span> 
     </span>
     <span class='ocr_line' id='line_1_33' title="bbox 202 3012 1215 3099; baseline 0.01 -26"><span class='ocrx_word' id='word_1_232' title='bbox 202 3012 265 3074; x_wconf 91' lang='lat' dir='ltr'>Dei</span> <span class='ocrx_word' id='word_1_233' title='bbox 287 3013 503 3077; x_wconf 88' lang='lat' dir='ltr'>misericordia</span> <span class='ocrx_word' id='word_1_234' title='bbox 519 3012 560 3093; x_wconf 82' lang='lat'>²),</span> <span class='ocrx_word' id='word_1_235' title='bbox 582 3024 614 3076; x_wconf 89' lang='lat' dir='ltr'>et</span> <span class='ocrx_word' id='word_1_236' title='bbox 634 3018 763 3099; x_wconf 88' lang='lat' dir='ltr'>sperans</span> <span class='ocrx_word' id='word_1_237' title='bbox 788 3014 873 3092; x_wconf 88' lang='lat' dir='ltr'>sora,</span> <span class='ocrx_word' id='word_1_238' title='bbox 897 3028 929 3078; x_wconf 92' lang='lat' dir='ltr'>ut</span> <span class='ocrx_word' id='word_1_239' title='bbox 952 3016 1004 3077; x_wconf 90' lang='lat' dir='ltr'>illi</span> <span class='ocrx_word' id='word_1_240' title='bbox 1026 3018 1061 3080; x_wconf 92' lang='lat' dir='ltr'>in</span> <span class='ocrx_word' id='word_1_241' title='bbox 1082 3019 1215 3084; x_wconf 86' lang='lat' dir='ltr'>sanetis-</span> 
     </span>
     <span class='ocr_line' id='line_1_34' title="bbox 201 3099 1215 3190; baseline 0.009 -31"><span class='ocrx_word' id='word_1_242' title='bbox 201 3099 309 3160; x_wconf 84' lang='lat' dir='ltr'>simam</span> <span class='ocrx_word' id='word_1_243' title='bbox 329 3110 360 3162; x_wconf 89' lang='lat' dir='ltr'>et</span> <span class='ocrx_word' id='word_1_244' title='bbox 381 3100 548 3163; x_wconf 84' lang='lat' dir='ltr'>salutarem</span> <span class='ocrx_word' id='word_1_245' title='bbox 569 3100 663 3161; x_wconf 88' lang='lat' dir='ltr'>unius</span> <span class='ocrx_word' id='word_1_246' title='bbox 685 3100 779 3176; x_wconf 92' lang='lat' dir='ltr'>sidei,</span> <span class='ocrx_word' id='word_1_247' title='bbox 800 3099 885 3184; x_wconf 86' lang='lat' dir='ltr'>spei,</span> <span class='ocrx_word' id='word_1_248' title='bbox 911 3102 1114 3190; x_wconf 87' lang='lat' dir='ltr'>caritatisque</span> <span class='ocrx_word' id='word_1_249' title='bbox 1135 3127 1215 3169; x_wconf 90' lang='lat' dir='ltr'>con-</span> 
     </span>
     <span class='ocr_line' id='line_1_35' title="bbox 202 3183 1214 3270; baseline 0.009 -26"><span class='ocrx_word' id='word_1_250' title='bbox 202 3183 342 3247; x_wconf 89' lang='lat' dir='ltr'>cordiam</span> <span class='ocrx_word' id='word_1_251' title='bbox 364 3184 565 3264; x_wconf 84' lang='lat' dir='ltr'>redigantur,</span> <span class='ocrx_word' id='word_1_252' title='bbox 591 3185 725 3249; x_wconf 85' lang='lat' dir='ltr'>libenter</span> <span class='ocrx_word' id='word_1_253' title='bbox 747 3187 794 3249; x_wconf 85' lang='lat' dir='ltr'>eie</span> <span class='ocrx_word' id='word_1_254' title='bbox 818 3189 850 3249; x_wconf 91' lang='lat' dir='ltr'>in</span> <span class='ocrx_word' id='word_1_255' title='bbox 875 3187 932 3247; x_wconf 90' lang='lat' dir='ltr'>hac</span> <span class='ocrx_word' id='word_1_256' title='bbox 954 3209 988 3249; x_wconf 93' lang='lat' dir='ltr'>re</span> <span class='ocrx_word' id='word_1_257' title='bbox 1011 3210 1136 3255; x_wconf 88' lang='lat' dir='ltr'>rnorem</span> <span class='ocrx_word' id='word_1_258' title='bbox 1155 3212 1214 3270; x_wconf 87' lang='lat' dir='ltr'>ge-</span> 
     </span>
     <span class='ocr_line' id='line_1_36' title="bbox 201 3271 1214 3359; baseline 0.009 -30"><span class='ocrx_word' id='word_1_259' title='bbox 201 3289 294 3345; x_wconf 89' lang='lat' dir='ltr'>rens,</span> <span class='ocrx_word' id='word_1_260' title='bbox 316 3271 539 3350; x_wconf 83' lang='lat' dir='ltr'>securitatem,</span> <span class='ocrx_word' id='word_1_261' title='bbox 571 3280 604 3331; x_wconf 89' lang='lat' dir='ltr'>et</span> <span class='ocrx_word' id='word_1_262' title='bbox 628 3271 745 3345; x_wconf 85' lang='lat' dir='ltr'>sidem,</span> <span class='ocrx_word' id='word_1_263' title='bbox 777 3283 810 3333; x_wconf 87' lang='lat' dir='ltr'>ut</span> <span class='ocrx_word' id='word_1_264' title='bbox 831 3273 1010 3356; x_wconf 88' lang='lat' dir='ltr'>petierunt,</span> <span class='ocrx_word' id='word_1_265' title='bbox 1042 3277 1214 3359; x_wconf 87' lang='lat' dir='ltr'>publicam,</span> 
     </span>
     <span class='ocr_line' id='line_1_37' title="bbox 203 3356 1215 3445; baseline 0.008 -31"><span class='ocrx_word' id='word_1_266' title='bbox 203 3375 293 3438; x_wconf 87' lang='lat' dir='ltr'>quarn</span> <span class='ocrx_word' id='word_1_267' title='bbox 317 3356 650 3421; x_wconf 81' lang='lat' dir='ltr'>salvum&#39;condoctum</span> <span class='ocrx_word' id='word_1_268' title='bbox 675 3368 807 3429; x_wconf 86' lang='lat' dir='ltr'>vocant,</span> <span class='ocrx_word' id='word_1_269' title='bbox 843 3356 926 3443; x_wconf 89' lang='lat' dir='ltr'>quod</span> <span class='ocrx_word' id='word_1_270' title='bbox 948 3357 986 3419; x_wconf 92' lang='lat' dir='ltr'>ad</span> <span class='ocrx_word' id='word_1_271' title='bbox 1010 3361 1042 3419; x_wconf 89' lang='lat' dir='ltr'>se</span> <span class='ocrx_word' id='word_1_272' title='bbox 1061 3362 1215 3445; x_wconf 84' lang='lat' dir='ltr'>pertinet,</span> 
     </span>
     <span class='ocr_line' id='line_1_38' title="bbox 202 3435 1215 3531; baseline 0.01 -31"><span class='ocrx_word' id='word_1_273' title='bbox 202 3439 287 3518; x_wconf 90' lang='lat' dir='ltr'>ejus,</span> <span class='ocrx_word' id='word_1_274' title='bbox 308 3441 363 3525; x_wconf 91' lang='lat' dir='ltr'>qui</span> <span class='ocrx_word' id='word_1_275' title='bbox 385 3435 605 3529; x_wconf 83' lang='lat' dir='ltr'>infrascriptus</span> <span class='ocrx_word' id='word_1_276' title='bbox 627 3441 703 3517; x_wconf 89' lang='lat' dir='ltr'>erit,</span> <span class='ocrx_word' id='word_1_277' title='bbox 725 3441 864 3512; x_wconf 85' lang='lat' dir='ltr'>tenoris,</span> <span class='ocrx_word' id='word_1_278' title='bbox 893 3442 998 3519; x_wconf 89' lang='lat' dir='ltr'>dedit,</span> <span class='ocrx_word' id='word_1_279' title='bbox 1018 3454 1115 3531; x_wconf 86' lang='lat' dir='ltr'>atque</span> <span class='ocrx_word' id='word_1_280' title='bbox 1136 3469 1215 3510; x_wconf 91' lang='lat' dir='ltr'>con-</span> 
     </span>
     <span class='ocr_line' id='line_1_39' title="bbox 202 3524 1215 3597; baseline 0.01 -13"><span class='ocrx_word' id='word_1_281' title='bbox 202 3524 306 3585; x_wconf 80' lang='lat' dir='ltr'>cetttt:</span> <span class='ocrx_word' id='word_1_282' title='bbox 338 3537 371 3588; x_wconf 89' lang='lat' dir='ltr'>et</span> <span class='ocrx_word' id='word_1_283' title='bbox 401 3547 511 3588; x_wconf 90' lang='lat' dir='ltr'>eorum</span> <span class='ocrx_word' id='word_1_284' title='bbox 543 3531 629 3589; x_wconf 88' lang='lat' dir='ltr'>causa</span> <span class='ocrx_word' id='word_1_285' title='bbox 657 3525 879 3589; x_wconf 88' lang='lat' dir='ltr'>definitionem</span> <span class='ocrx_word' id='word_1_286' title='bbox 906 3529 1042 3592; x_wconf 83' lang='lat' dir='ltr'>illorum</span> <span class='ocrx_word' id='word_1_287' title='bbox 1061 3533 1215 3597; x_wconf 87' lang='lat' dir='ltr'>articulo-</span> 
     </span>
     <span class='ocr_line' id='line_1_40' title="bbox 203 3609 1214 3699; baseline 0.013 -30"><span class='ocrx_word' id='word_1_288' title='bbox 203 3630 272 3669; x_wconf 90' lang='lat' dir='ltr'>rum</span> <span class='ocrx_word' id='word_1_289' title='bbox 299 3609 336 3672; x_wconf 88' lang='lat' dir='ltr'>ad</span> <span class='ocrx_word' id='word_1_290' title='bbox 373 3611 538 3674; x_wconf 89' lang='lat' dir='ltr'>secundam</span> <span class='ocrx_word' id='word_1_291' title='bbox 575 3612 738 3674; x_wconf 88' lang='lat' dir='ltr'>sessionem</span> <span class='ocrx_word' id='word_1_292' title='bbox 770 3612 917 3690; x_wconf 83' lang='lat' dir='ltr'>distulit,</span> <span class='ocrx_word' id='word_1_293' title='bbox 950 3635 1063 3699; x_wconf 88' lang='lat' dir='ltr'>quam,</span> <span class='ocrx_word' id='word_1_294' title='bbox 1097 3629 1133 3682; x_wconf 89' lang='lat' dir='ltr'>ut</span> <span class='ocrx_word' id='word_1_295' title='bbox 1162 3620 1214 3683; x_wconf 84' lang='lat' dir='ltr'>itti</span> 
     </span>
     <span class='ocr_line' id='line_1_41' title="bbox 202 3693 1214 3783; baseline 0.01 -27"><span class='ocrx_word' id='word_1_296' title='bbox 202 3693 368 3757; x_wconf 85' lang='lat' dir='ltr'>commode</span> <span class='ocrx_word' id='word_1_297' title='bbox 390 3695 422 3757; x_wconf 90' lang='lat' dir='ltr'>ei</span> <span class='ocrx_word' id='word_1_298' title='bbox 452 3694 599 3762; x_wconf 78' lang='lat' dir='ltr'>interesse</span> <span class='ocrx_word' id='word_1_299' title='bbox 620 3697 757 3783; x_wconf 87' lang='lat' dir='ltr'>possint,</span> <span class='ocrx_word' id='word_1_300' title='bbox 778 3698 812 3763; x_wconf 90' lang='lat' dir='ltr'>iu</span> <span class='ocrx_word' id='word_1_301' title='bbox 834 3696 920 3767; x_wconf 85' lang='lat' dir='ltr'>diem</span> <span class='ocrx_word' id='word_1_302' title='bbox 941 3696 1051 3765; x_wconf 77' lang='lat' dir='ltr'>fetum</span> <span class='ocrx_word' id='word_1_303' title='bbox 1075 3725 1214 3768; x_wconf 83' lang='lat' dir='ltr'>conver-</span> 
     </span>
    </p>
   </div>
   <div class='ocr_carea' id='block_1_6' title="bbox 238 3926 1153 4006">
    <p class='ocr_par' dir='ltr' id='par_1_6' title="bbox 238 3926 1153 4006">
     <span class='ocr_line' id='line_1_42' title="bbox 238 3926 1153 4006; baseline 0.011 -22"><span class='ocrx_word' id='word_1_304' title='bbox 238 3932 265 3997; x_wconf 88' lang='lat'>1)</span> <span class='ocrx_word' id='word_1_305' title='bbox 283 3937 314 3988; x_wconf 85' lang='lat' dir='ltr'>in</span> <span class='ocrx_word' id='word_1_306' title='bbox 332 3931 393 3988; x_wconf 83' lang='lat' dir='ltr'>odd,</span> <span class='ocrx_word' id='word_1_307' title='bbox 413 3926 501 4001; x_wconf 78' lang='lat' dir='ltr'>Brix,</span> <span class='ocrx_word' id='word_1_308' title='bbox 519 3933 609 3991; x_wconf 85' lang='lat' dir='ltr'>Hord.</span> <span class='ocrx_word' id='word_1_309' title='bbox 626 3963 662 3979; x_wconf 89' lang='lat'>-·</span> <span class='ocrx_word' id='word_1_310' title='bbox 697 3935 729 4006; x_wconf 80' lang='lat'>2)</span> <span class='ocrx_word' id='word_1_311' title='bbox 747 3938 951 3996; x_wconf 84' lang='lat' dir='ltr'>misericordiae</span> <span class='ocrx_word' id='word_1_312' title='bbox 969 3941 1046 3993; x_wconf 83' lang='lat' dir='ltr'>Rura.</span> <span class='ocrx_word' id='word_1_313' title='bbox 1064 3943 1106 3998; x_wconf 81' lang='lat' dir='ltr'>M.</span> <span class='ocrx_word' id='word_1_314' title='bbox 1149 3936 1153 3942; x_wconf 80' lang='grc'><strong>’</strong></span> 
     </span>
    </p>
   </div>
   <div class='ocr_carea' id='block_1_7' title="bbox 0 0 1271 4522">
    <p class='ocr_par' dir='ltr' id='par_1_7' title="bbox 0 0 1271 4522">
     <span class='ocr_line' id='line_1_43' title="bbox 0 0 1271 4522; baseline 0 0"><span class='ocrx_word' id='word_1_315' title='bbox 0 0 1271 4522; x_wconf 95' lang='lat' dir='ltr'> </span> 
     </span>
    </p>
   </div>
  </div>
 </body>
</html>
