2528 4522
1177 128 1191 163 Ι

190 278 241 351 88
309 263 403 360 App.
426 264 452 332 Ι.
475 261 522 332 ad
546 257 683 371 Conoil.
706 256 872 330 Trident.
924 258 1009 331 sets.
1036 258 1119 333 XV.
1208 249 1214 265 ’

191 448 341 514 dentibus
374 448 411 510 in
442 466 478 509 ee
499 443 623 509 eisdem
652 442 776 507 sunctae
807 441 890 507 sedis
912 442 1122 528 spostolicae,
1157 448 1209 511 le·

191 549 281 618 gete,
304 545 339 597 et
357 533 496 607 nuntiis,
522 529 720 593 inhaerendo
744 530 832 592 selvo
854 530 1044 606 conductoi',
1068 533 1210 617 inquen-

168 614 171 621 ’
194 621 306 684 ultimo
337 618 470 682 tertione
491 615 632 700 dator)‚'
663 627 695 676 et
715 616 809 676 iilum
832 616 1079 696 juxtutenorem
1104 616 1210 681 infre-

192 707 343 791 soiiptum
368 703 564 787 ampliando,
587 701 741 764 universis
764 700 861 762 fidem
882 699 968 777 fecit,
991 703 1076 788 quod
1100 707 1211 767 omni-

192 794 260 866 bus,
282 802 316 852 et
339 789 490 869 finguiis,
511 787 743 861 sacerdotibus,
765 788 975 860 electoribus,
996 791 1210 875 principibus,

192 876 345 952 ducibus,
369 875 630 947 marchionibus,
652 873 841 949 comitibus,
871 875 1061 951 baronibus,
1084 878 1211 939 nobili-

192 964 273 1037 bus,
305 962 517 1036 militnribus,
548 958 780 1044 popularibus,
804 968 837 1019 et
864 959 938 1019 eliis
960 960 1212 1048 quibuscumque

194 1049 296 1123 viris,
317 1047 539 1130 cujuscumque
560 1045 667 1121 fletus,
696 1055 728 1105 et
749 1042 965 1121 conditionis,
1001 1054 1054 1106 out
1077 1049 1212 1132 qualite-

192 1134 234 1194 tis
255 1131 405 1208 existent,
435 1128 645 1206 Germanicae
666 1130 875 1214 provinciae,
905 1141 938 1191 et
960 1132 1103 1194 notionis
1125 1135 1213 1196 civi-

193 1218 325 1290 tatibus,
345 1228 378 1281 et
399 1216 473 1278 eliis
495 1217 579 1277 loois
601 1215 759 1297 ejusdem,
787 1226 819 1275 et
841 1217 989 1277 omnibus
1011 1218 1091 1279 utiis'
1108 1222 1213 1282 eccle-

192 1303 339 1380 fiesticie,
371 1313 404 1365 et
433 1302 664 1378 saecularibus,
698 1302 886 1386 praesertim
907 1297 1213 1382 Augustanee'con-
1238 1339 1241 1343 ·

193 1383 340 1452 suffionis
361 1388 517 1472 personis,
541 1388 614 1474 qui,
633 1397 688 1448 eut
709 1408 789 1470 quoe
810 1407 871 1447 une
892 1407 963 1449 cum
986 1389 1063 1472 ipfis
1086 1389 1124 1450 ed
1149 1391 1211 1452 boo

192 1475 343 1555 generale
368 1471 598 1535 Tridentinum
618 1473 791 1534 concilium
813 1471 965 1549 venient,
999 1482 1057 1535 eut
1076 1477 1213 1539 mitten·

191 1571 265 1632 tur,
286 1580 321 1621 ae
341 1553 522 1644 profecturi
542 1561 631 1634 sunt,
660 1569 713 1620 eut
736 1558 900 1642 bucusque
922 1571 1099 1638 venerunt,
1129 1584 1214 1648 quo-

193 1664 328 1730 cumque
352 1644 485 1706 uomine
507 1647 704 1721 censeantur,
724 1653 778 1703 eut
799 1646 929 1706 valeant
951 1647 1139 1730 nuncupari,
1161 1659 1214 1709 te-

192 1749 273 1793 nore
295 1729 510 1813 praesentium
533 1729 694 1812 pubiicum
716 1727 832 1802 fidem,
855 1741 885 1790 et
908 1730 1133 1815 plenissimam,
1152 1754 1215 1796 ve-

192 1816 409 1901 riffimomque
433 1815 651 1890 securitatem,
680 1833 773 1899 quem
797 1815 919 1875 salvum
942 1815 1131 1881 conductum
1153 1840 1215 1904 ep-

192 1900 336 1986 pelieut‚
377 1901 480 1963 libere
512 1898 550 1962 ed
581 1900 663 1960 beno
693 1898 859 1961 civitatem
890 1898 1129 1968 Tridentinem'
1151 1924 1215 1979 ve-

194 1984 321 2063 niendi,
348 1984 531 2071 ibidemque
553 1983 721 2059 menendi,
757 1983 871 2062 tiendi,
901 1987 1066 2063 morandi,
1088 2011 1214 2075 propo-

187 2069 310 2147 nendi,
328 2070 505 2155 loquendi,
527 2092 589 2132 uun
612 2067 772 2153 cumipse
794 2069 918 2149 synodo
943 2071 982 2134 de
1003 2074 1214 2160 'quibuscum-

192 2175 254 2242 que
287 2157 431 2235 negotiis
460 2155 636 2229 tractandi,
676 2154 902 2232 examinandi,
937 2156 1150 2241 discutiendi,
1179 2175 1213 2226 et

195 2239 304 2304 omnia
326 2262 540 2327 quoecumque
568 2242 644 2327 iptis
665 2241 820 2315 libuerit,
850 2261 885 2302 uo
907 2243 1061 2307 articulos
1084 2249 1213 2334 quosli-

193 2327 247 2390 bet
269 2338 335 2389 tem
356 2328 476 2412 scripto
499 2348 593 2412 quum
623 2327 722 2388 verbo
755 2327 856 2388 libere
878 2327 1057 2407 offerendi,
1090 2355 1214 2420 propo·

191 2412 301 2486 leudi,
334 2432 453 2498 eosque
482 2412 662 2497 scripturis·
681 2412 795 2488 l'eoris,
827 2423 860 2473 et
889 2415 1056 2503 beatorum
1086 2431 1213 2503 potrum
1256 2480 1258 2484 ,

193 2498 318 2571 verbis,
340 2495 531 2573 sententiis,
566 2508 598 2559 et
621 2496 800 2558 rationibus
822 2495 1024 2574 declarandi,¹
1045 2500 1221 2585 &iuuenilis

172 2592 225 2643 'et
247 2579 477 2664 persuadendi,
509 2591 561 2656 et,
592 2574 721 2665 fiopu's
743 2576 858 2659 suerit,
890 2585 988 2648 etiem
1017 2586 1058 2649 'ed
1091 2593 1213 2675 objectu

192 2665 326 2728 concilii
348 2665 509 2744 generetis
531 2665 765 2750 respondendi,
780 2678 825 2728 ·et
848 2689 920 2731 cum
941 2670 994 2747 iis,
1016 2670 1072 2757 ‘qui
1092 2691 1112 2736 u
1133 2698 1214 2742 con-

77 2753 82 2764 '
192 2749 270 2813 cilio
294 2749 410 2813 delecti
431 2743 573 2827 fuerint,
605 2748 792 2845 dis-putendi
809 2750 848 2830 1),
881 2765 935 2816 eut
954 2757 1120 2823 caritative
1137 2765 1215 2826 ubs-

192 2856 254 2922 que
275 2837 366 2899 omni
385 2836 620 2921 impedimento
643 2832 842 2916 ‚conserendi
865 2842 1069 2926 opprobriis,
1092 2851 1215 2912 convi-

190 2923 258 2999 tiis,
280 2940 316 2984 eo
337 2923 544 2986 contumeliis
566 2924 697 3009 pe'uituti
717 2925 867 2986 semotis':
887 2938 919 2987 et
939 2927 1109 3009 figurentur,
1123 2933 1214 3021 ‘quod

191 3007 299 3071 causae
332 3007 557 3071 controversae
584 3008 756 3073 ferundum
789 3010 1144 3101 sorrernoscripturem,
1179 3032 1214 3084 et

192 3089 422 3178 Apostolorum
446 3094 659 3175 traditiones,²
673 3097 806 3180 probate
827 3097 976 3173 concilio,
998 3104 1031 3162 'ei
1046 3099 1077 3183 ²)
1092 3098 1212 3169 rathis.

191 3178 270 3241 licee
290 3181 436 3243 eeclefi'ee
458 3181 661 3257 consensum,
693 3191 726 3283 et
747 3186 929 3283 functorum
950 3182 1084 3268 petrum*
1098 3190 1213 3253 rt'ueto-

95 3296 98 3303 ·
191 3263 315 3326 ritutes
340 3267 375 3328 in
409 3266 573 3350 praedicto
607 3266 745 3329 concilio
779 3265 975 3332 Tridentino
1014 3285 1212 3341 tractentur:

189 3349 251 3412 illu
274 3349 371 3413 etiem
392 3351 520 3430 addito,
555 3363 589 3413 ut
619 3351 793 3432 religionis
820 3366 1010 3438 praetextu,
1049 3372 1103 3424 eut
1126 3360 1213 3427 deli-

225 3599 255 3661 1)
275 3554 425 3649 Cbrifiinne
449 3596 513 3651 aad.
531 3598 566 3654 R.
589 3599 670 3667 Vah,
686 3603 762 3654 Rom.
779 3602 838 3657 M„
865 3600 933 3658 Dis,
954 3603 1029 3660 Vm„
1047 3602 1130 3674 Obifi,
1151 3604 1209 3662 Vc..

225 3668 325 3725 Hard„
344 3685 413 3739 quae
431 3668 539 3721 veroin
557 3671 676 3742 margine
695 3671 792 3724 taber.-
818 3674 905 3738 „Non
921 3674 962 3740 est
979 3692 1012 3725 ea
1030 3694 1097 3732 vox,
1126 3675 1207 3729 Chri-

224 3737 326 3802 fiiane,
350 3739 379 3789 in
397 3737 512 3789 editione
531 3730 686 3798 floriana».
705 3772 739 3785 -
781 3743 811 3813 2)
835 3756 864 3799 et
888 3763 938 3803 um.
954 3749 988 3801 R.
1011 3749 1093 3815 Vah,
1122 3749 1208 3814 Brix„

224 3811 293 3879 Diu,
312 3812 388 3869 Veri„
405 3804 505 3878 Horat,
524 3812 606 3885 Cbifi,
627 3815 674 3871 Ve.

113 3955 117 3962 ·
226 3929 256 3998 q)
274 3927 342 3986 Seu.
357 3929 434 3987 xm.
453 3945 481 3999 p.
498 3935 543 3992 73.
