2528 4522
170 292 250 366 aea·
310 276 403 377 epp.
425 260 526 350 tat
547 271 686 344 eoum.
710 271 873 347 matema
925 275 1021 363 sut,
1037 273 1157 349 xxv,

171 484 249 549 gora
269 462 489 548 cuju'se'innqoe
509 454 687 528 facultatis,
709 457 763 524 rel
785 454 904 521 indulti
926 459 1079 522 hactenus
1101 480 1186 521 con·

172 551 261 619 cellit,
277 551 335 611 'vel
359 547 570 631 inposterum
592 540 797 606 concedendi.
839 541 880 605 Et
901 544 976 629 quie
998 544 1183 606 monasteria

171 633 460 702 sanctimonialium
485 642 576 715 extra
603 629 730 691 moenia
753 627 859 704 urbis,
892 631 947 694 vel
970 629 1084 714 oppidi
1102 651 1185 691 con-

128 729 131 733 ’
171 723 292 796 diluta,
325 718 481 781 rnalorum
510 716 677 777 hominum
698 712 852 798 praedae,
879 725 911 776 et
932 715 1006 776 aliis
1025 711 1183 776 iocinori-

172 810 230 871 bos
251 807 316 867 fine
339 804 403 864 ulla
425 807 515 886 saepe
537 798 671 862 custodia
694 800 766 860 lunt
787 797 949 878 expofita3
977 811 1087 863 curent
1108 801 1183 884 cpi-

170 891 276 976 scopi,
297 898 330 950 at
350 887 409 949 alii
430 887 625 972 lupanares,
656 883 679 943 [i
701 884 745 945 ita
771 882 932 946 videbitur
952 884 1125 971 expedire,
1148 894 1182 946 ut

170 973 428 1042 sanctimoniales
452 991 494 1035 ex
516 970 563 1034 eis
583 969 620 1031 ad
643 989 745 1042 nova,
774 969 828 1030 val
848 970 977 1055 antiqua
998 970 1182 1032 monatleria

170 1063 255 1125 intro
278 1054 390 1136 urbes,
411 1059 471 1119 'vel
501 1048 619 1142 dppida
640 1048 818 1138 frequenti-n
840 1053 1049 1131 reducantur3
1082 1056 1182 1117 invo-

172 1157 242 1210 cato
259 1143 361 1213 etiarn
381 1140 526 1218 auxilio,
558 1138 582 1202 fi
604 1159 685 1224 opos
707 1135 824 1212 fuerit,
855 1136 980 1202 brachii
1001 1140 1182 1203 saecularis.

170 1229 221 1296 Im
245 1226 389 1299 edierrtee
424 1238 521 1305 vero,
555 1224 608 1288 rel
639 1240 705 1286 non
736 1221 923 1288 obedientes
952 1245 1011 1311 per
1036 1228 1182 1289 censuras

172 1251 382 1382 ecciefiasticus
407 1332 518 1399 parere
539 1309 746 1397 compellant.

584 1456 663 1526 Car.
684 1454 748 1519 Vl.

172 1559 322 1646 [Norma
349 1553 525 1639 ferrando
555 1557 592 1623 in
615 1550 777 1620 electione
790 1551 1013 1643 superiorum
1035 1555 1180 1645 regula·

357 1657 360 1661 ’
575 1724 578 1731 ¹
615 1639 742 1722 riuili'l}

78 1811 82 1820 ·
190 1814 209 1825 ··
235 1771 275 1837 In
295 1772 454 1837 electione
482 1769 1001 1857 quorumcumque„superiorum,
1034 1772 1179 1837 abbatum

171 1859 432 1943 temporalium,¹
450 1866 484 1921 el
508 1858 649 1933 aliorum
669 1856 880 1931 officialium,
915 1877 949 1917 oc
970 1860 1178 1937 generalium,

127 1980 131 1987 ·
171 1953 204 2006 et
215 1942 445 2016 abbatiffarum,
467 1942 560 2027 atque
573 1943 706 2007 aliarum
721 1941 978 2027 praepofitarum,
995 1964 1057 2028 qtto
1069 1947 1178 2008 omnia

171 2040 274 2104 recte,
297 2041 330 2090 et
350 2030 414 2090 fine
437 2027 499 2089 ulla
522 2022 632 2091 fraude
654 2028 742 2103 fiant,
762 2029 796 2088 in
820 2027 937 2112 primis
955 2027 1059 2092 sancte
1078 2034 1179 2108 syno-

171 2111 230 2178 dus
251 2113 386 2178 districte
408 2112 582 2197 praecipit,
611 2133 722 2176 omnes
744 2109 940 2196 supradictos
961 2111 1041 2193 eligi
1064 2113 1177 2179 debere
1240 2187 1242 2191 ,

170 2218 229 2284 per
250 2212 326 2263 vote
345 2194 480 2271 decretor
502 2202 545 2259 ita
566 2208 600 2260 ut
620 2199 815 2278 fingnlormn
836 2197 1025 2277 eligentium
1046 2201 1178 2263 nomina

170 2293 331 2370 nunquam
355 2285 564 2371 publicentur.
628 2281 692 2347 Nec
719 2283 756 2346 in
776 2281 932 2371 posterum
954 2284 1066 2359 liceat,
1100 2308 1180 2370 pro-

170 2370 345 2447 vinciales,
366 2380 418 2431 aut
441 2369 584 2444 abbates,
607 2369 754 2452 priores,
783 2379 836 2430 aut
858 2368 942 2430 alios
964 2390 1178 2456 quoscumque

171 2454 319 2518 titulares
352 2453 389 2515 ad
414 2453 562 2521 effectum
582 2454 752 2523 electionis
780 2447 941 2516 faciendae
972 2456 1179 2529 conllituerer

170 2548 358 2611 antemos,
392 2547 424 2598 et
447 2537 593 2616 suffragio
615 2539 787 2605 absentium
819 2538 977 2623 supplere,
1042 2540 1077 2603 Si
1100 2563 1176 2603 vero
1204 2563 1206 2575 ¹

171 2634 278 2685 contra
312 2623 405 2703 hujus
444 2620 564 2684 decreti
601 2622 856 2685 conllitutionem
897 2623 1014 2709 aliquis
1056 2626 1176 2688 electus

169 2702 292 2783 suerit3
320 2704 434 2769 electio
457 2707 546 2768 irrita
568 2706 624 2780 [itr
657 2709 757 2781 etis,
787 2709 841 2792 qui
863 2707 900 2769 ad
924 2708 1007 2772 lrunc
1028 2711 1176 2773 effectum

169 2795 202 2855 le
223 2791 259 2854 in
281 2789 528 2876 provincialem,
552 2793 712 2865 abbatem,
741 2803 793 2852 aut
815 2795 956 2878 priorem
979 2798 1077 2857 creari
1100 2819 1178 2881 per·

170 2872 317 2955 miserim¹
338 2878 489 2960 deinceps
513 2875 550 2938 od
576 2879 683 2947 omnia
700 2876 824 2950 officia,
855 2879 890 2939 in
912 2877 1069 2958 religione
1091 2884 1178 2944 obti-

171 2961 293 3039 nenda‚
324 2962 480 3026 inhabilis
501 2961 628 3040 exiliat3
661 2959 888 3047 facultatesque
908 2964 1001 3049 super
1025 2967 1075 3028 bis
1098 2991 1178 3030 con-

169 3045 288 3121 celiae,
304 3067 341 3110 eo
364 3047 432 3131 iplo
454 3049 620 3127 abrogatae
641 3049 841 3110 censeantur:
869 3058 901 3110 et
921 3050 1176 3136 fiinpollerum

101 3170 104 3189 .
167 3132 249 3211 aliae
267 3133 491 3209 concedantur,
510 3144 669 3220 tamquam
685 3132 887 3218 surreptitiee
908 3132 1093 3209 habeantur.

595 3299 672 3365 Cer.
692 3297 767 3363 VH.

169 3397 301 3482 [Quem
328 3410 362 3462 et
383 3397 545 3486 quomodo
566 3398 604 3465 in
624 3397 829 3489 abbatiffue,
859 3397 913 3462 vel
942 3398 1013 3463 alio
1039 3402 1176 3469 nonzine

163 3479 363 3569 praefectae
406 3481 607 3570 eligendae:
651 3483 780 3549 duobus
820 3483 1033 3570 monasteriis
1075 3488 1176 3552 nulla

536 3566 795 3656 praeficiendum]

232 3680 411 3759 Abbatilsa,
433 3700 465 3750 et
487 3689 654 3773 priorill'a,
685 3701 718 3752 et
739 3712 935 3778 quocumque
957 3692 1023 3754 alio
1044 3695 1175 3757 nomine

169 3767 345 3858 preelecta,
388 3775 438 3835 vel
467 3776 642 3859 praepofita
674 3776 875 3860 appelletur,
908 3780 1045 3858 eligatur
1064 3777 1175 3863 h)non

171 3893 608 3909 mmm

203 3935 235 4002 h)
254 3936 335 3991 Cone.
360 3937 463 4006 Agatb.
491 3958 515 3994 a.
543 3948 609 4004 506.
628 3960 687 4000 can.
708 3948 756 4002 -19,
784 3940 881 4005 (Manli
909 3943 943 3997 T.
963 3943 1032 3998 Vlll.
1059 3945 1177 4012 nete)
