2528 4522
115 297 141 367 4
314 279 406 377 App.
433 280 460 351 1.
487 281 534 352 aa
559 222 888 350 concreparent.

119 465 269 529 omnibus
292 464 440 540 liberam,
462 473 556 550 atqua
578 472 680 525 tutam
700 459 737 524 in
758 459 876 548 primis
896 458 933 525 in
953 462 988 525 fe
1009 462 1133 524 baben-

116 565 191 618 tern.
250 544 408 612 Sericum
432 550 494 632 jam
516 561 643 634 ternpus
664 547 795 626 longius
816 546 1016 633 progreffum
1040 546 1132 625 cliet3

116 656 283 722 novaeque
305 637 394 698 urbis
425 635 617 698 electionem
650 635 797 696 omnibus
819 634 991 712 fignificari
1011 654 1132 696 conve-

116 724 221 800 niret3
254 723 379 807 jamque
409 720 477 785 kal.
505 719 590 787 Nov.
623 730 811 804 appetentes
832 720 1014 782 facultatem
1039 720 1129 801 hujus

115 809 347 887 divulgationis
377 805 601 882 excluderent3
635 806 804 890 hiemsque
827 803 905 867 ellat
932 804 1130 890 propinqua3

115 897 221 955 rursus
255 895 354 955 altera
383 892 613 977 prorogatione
637 901 764 976 tempus
791 889 924 953 concilii
945 890 1078 952 differre
1097 891 1129 953 ira

104 981 302 1063 proximum
317 982 451 1064 laquens
472 999 541 1054 ver,
562 975 704 1061 Maiique
716 973 840 1038 futuras
854 975 1023 1050 kalendas,
1045 996 1129 1037 corn-

116 1060 198 1148 pull'r
220 1058 351 1130 fuimus.
411 1059 486 1147 Qua
519 1081 554 1125 re
575 1065 713 1125 firmiter
743 1061 929 1135 constituta,
959 1071 1055 1146 atque
1077 1058 1129 1122 de·

116 1159 221 1224 creta,
242 1169 313 1210 cum
335 1157 367 1210 et
388 1149 576 1234 nosipsos,
599 1159 630 1210 et
646 1158 748 1209 cetera
770 1148 880 1210 omnia
898 1144 937 1207 ad
958 1167 1033 1209 eum
1056 1148 1127 1209 bene

116 1233 293 1313 agendum,
328 1232 398 1296 Deo
431 1235 581 1316 juvante,
620 1231 905 1319 celebrandumque
940 1242 1128 1294 conventum

78 1346 85 1359 r
116 1340 317 1403 pararemus,
351 1320 529 1404 plurimum
560 1330 747 1404 reputantes
776 1316 925 1380 interell'e
955 1318 1028 1380 cum
1049 1318 1127 1378 cele·

116 1405 272 1466 brationis
297 1404 451 1482 concilii,
468 1416 554 1485 ‚turn
587 1405 755 1468 universae
782 1401 985 1473 Christianae
1010 1403 1127 1487 reipub.

116 1485 311 1552 Christianos
339 1491 504 1576 principes
527 1510 603 1576 pace
625 1489 711 1553 inter
731 1488 780 1567 le,
810 1500 842 1553 et
862 1487 1033 1551 concord'a
1057 1508 1133 1550 con·-

116 1575 260 1650 sentir03
291 1576 466 1638 carissimos
497 1575 532 1637 in
552 1573 792 1639 Ghristofilios
814 1574 955 1652 nostros,
985 1511 1127 1636 &colum

117 1657 340 1722 Romanorum
363 1663 613 1746 imperatorem,
643 1659 767 1746 semper
790 1659 966 1741 augustum,
989 1670 1023 1722 et
1044 1656 1128 1720 Ghri·

116 1744 335 1809 ilianiisnnum
368 1767 475 1825 regem
495 1744 719 1822 Franciscum,
753 1744 816 1807 duo
851 1746 1020 1830 praecipua
1040 1740 1128 1806 Glrri·

117 1830 208 1891 iliani
231 1831 375 1893 nominis
395 1832 606 1907 firmamenta,
627 1842 722 1916 atque
745 1830 894 1907 fubfidia,
920 1852 1021 1909 orare,
1043 1841 1127 1916 atque

119 1910 491 1993 obsecrare'inllitirnus,
513 1928 546 1978 ut
567 1917 605 1978 ad
628 1918 829 2002 colloquium
843 1916 928 1978 inter
949 1919 997 1993 le,
1019 1925 1052 1977 et
1074 1935 1128 1978 no·

119 2000 242 2061 biscurn
266 2018 327 2064 una
348 2003 734 2088 corrverrirsnt3,quorurn
756 2001 885 2087 quidem
906 2000 989 2086 apud
1013 2011 1129 2063 utrum·

33 2092 38 2099 '
122 2107 183 2170 que
205 2086 347 2161 litteris,
370 2089 511 2163 nuntiis,
531 2098 563 2149 et
584 2107 602 2148 a
624 2087 725 2149 latere
747 2087 849 2149 nostro
871 2087 989 2164 millis,
1012 2108 1055 2148 ex
1075 2104 1128 2149 ve·

120 2171 311 2233 nerabiliurn
333 2166 468 2246 fratrum
487 2172 665 2234 nostrorum
688 2193 841 2249 nurnero,
863 2173 994 2251 legatis,
1016 2171 1129 2257 saepil·

119 2256 195 2318 lime
219 2272 397 2336 egeramus,
426 2270 460 2321 ut
489 2279 532 2321 ex
552 2258 732 2333 lirnultate,
767 2268 799 2320 et
830 2257 968 2319 distidiis
993 2256 1129 2319 arnboin

122 2364 220 2404 unurn
243 2338 376 2421 foedus,
411 2353 451 2404 et.
478 2344 567 2427 piarn
601 2343 774 2404 amicitiam
806 2344 929 2404 vellent
951 2341 1128 2416 convenire,

120 2427 363 2512 labentibusque
407 2430 588 2488 succurrere
619 2423 806 2488 Christianis
847 2430 964 2490 rebus:
1005 2445 1128 2514 quarum

121 2509 347 2573 servandarum
377 2532 448 2571 curn
471 2509 547 2572 ellat
567 2510 637 2573 illis
659 2511 794 2595 potestas
817 2512 855 2574 ab
870 2510 897 2598 ⁵)
920 2511 990 2575 Deo
1014 2512 1129 2600 praeci·

122 2615 185 2679 pue
210 2596 346 2673 tributa,
366 2594 390 2655 fi
414 2594 447 2656 i'd
470 2617 538 2657 non
560 2608 708 2674 agerent,
737 2608 769 2660 et
790 2595 828 2657 ad
851 2620 1020 2661 commune
1042 2596 1129 2661 Gbri·

122 2680 293 2743 llianorurn
315 2676 435 2743 b'onum
457 2682 512 2743 lua
532 2679 661 2742 confilia
685 2703 752 2744 non
774 2680 971 2763 dirigerent,
1005 2685 1085 2746 acris
1105 2690 1130 2744 et

124 2768 232 2828 levare
254 2767 335 2827 ratio
358 2765 463 2828 eidem
485 2764 554 2829 Deo
578 2768 617 2829 ab
646 2768 722 2853 ipsis
749 2767 908 2833 reddenda
929 2767 1018 2832 atter.
1071 2765 1130 2852 Qui

124 2850 295 2936 aliquando
319 2852 465 2936 precibus
488 2850 601 2914 nostris
622 2865 814 2930 annuentes,
846 2854 992 2918 Nicaeam
1011 2855 1043 2919 le
1061 2876 1131 2917 con·

124 2938 238 2998 talare.
283 2933 359 3019 Quo
382 2958 443 2999 nos
465 2959 590 3024 quaque
612 2938 746 3019 longum
764 2940 844 3017 iter,
876 2952 908 3003 et
929 2942 1026 3004 lenili
1045 2936 1131 3004 aetati

123 3021 244 3083 nostras
271 3024 481 3086 vehementer
514 3025 726 3102 contrarium,
761 3023 825 3087 Dei
854 3037 886 3087 ot
914 3025 1003 3112 pacis
1030 3025 1132 3089 conci*

113 3106 251 3189 ,liandae
279 3113 368 3172 caula
398 3109 611 3195 suscepimus:
645 3132 748 3197 neque
785 3112 1055 3195 praeterrnilimus
1086 3111 1133 3173 in·

125 3203 230 3268 terea,
252 3215 323 3257 curn
347 3206 474 3280 tempus
498 3195 629 3258 concilii
651 3195 884 3280 praestitutum,
908 3196 1133 3261 kalendaeri·

126 3277 243 3340 delicet
270 3276 373 3344 Maias
402 3281 716 3369 appropinquarent,
751 3292 817 3344 tres
848 3283 971 3362 legatos
1002 3289 1133 3347 summac

126 3363 279 3453 virtutis,
307 3386 345 3428 ac
376 3368 594 3444 auctoritatis,
627 3387 645 3428 a
673 3369 774 3430 latere
793 3368 914 3448 nostro,
948 3368 987 3431 do
1007 3388 1133 3432 nurnero

126 3446 311 3513 eorumdem
338 3446 473 3518 fratrum
499 3453 675 3516 nostrorum
710 3452 743 3515 S.
773 3451 814 3537 ῌ.
847 3452 885 3520 Ε.
917 3453 1135 3529 cardinalium,

17 3602 20 3609 ¹
125 3532 313 3598 Vicentiam
330 3538 473 3617 mittere,
496 3538 550 3623 qui
571 3539 704 3601 initium
721 3539 853 3601 concilii
874 3535 1023 3619 facerent,
1046 3561 1136 3629 prae-

125 3620 272 3704 latosque
301 3623 442 3710 undique
476 3625 643 3686 venientes
674 3626 882 3709 exciperart,
917 3639 950 3689 et
972 3648 1029 3704 ea,
1063 3647 1136 3714 quae

43 3730 48 3743 ·
125 3704 302 3788 judicarent
322 3706 386 3771 elle
412 3730 511 3795 opus,
543 3703 727 3791 agarenum
747 3723 933 3793 tractarent,
955 3712 1060 3800 quoad
1082 3733 1137 3778 nos

128 3844 570 3885 W
625 3824 632 3855 ¹
778 3822 781 3833 '
1172 3812 1174 3873 l

14 3990 101 4248 ι
162 3984 194 4052 5)
215 3983 321 4052 Hord,
345 3986 405 4052 Va,
423 3986 496 4038 Rom.
516 3946 663 4058 M.‚'Cbif.
681 4005 695 4040 a
713 4002 763 4056 pro
782 3985 823 4042 ab.
