2528 4522
196 266 200 273 ¹
231 232 236 239 ’
265 324 269 333 Ι
314 243 480 314 Canones
504 266 551 314 ex
575 240 671 317 Actis
696 240 831 314 Concil.
853 243 953 317 Trid.
998 208 1007 290 i
1053 261 1127 331 331

124 429 289 515 piscopum
302 432 354 493 seu
369 420 561 515 Episcopum
575 393 763 495 invitandis.
800 413 851 494 sbi
862 423 1067 519 Archiepisco
1094 454 1130 496 us

125 523 177 578 seu
202 514 378 601 Episcopus
399 516 507 578 seuior
527 515 713 602 apostolicae
731 513 824 578 Sedis
844 519 993 590 nornine,
1015 518 1051 580 iu
1068 455 1132 582 (Raa-

122 602 228 747 pitulo
251 601 398 681 legitime
418 613 632 681 congregato,
664 601 847 687 vocatisque
868 601 1131 668 Monesiariorum

149 686 432 771 allegiatarurnque
454 698 599 749 nontam
613 687 751 749 civitatis
763 709 856 772 quarn
865 686 1023 751 Dioecesis
1032 687 1131 752 Prae·
1236 747 1241 753 .

121 771 205 848 latis,
227 770 513 856 Paroclriarumque
533 773 674 835 civitatis
697 774 821 844 curatis,
842 772 1034 852 designatum
1048 772 1132 857 Epi-

121 860 262 940 scopum,
284 856 448 941 postquam
464 857 504 920 de
523 878 563 920 eo
586 879 662 945 quae
686 857 748 939 jam
769 861 956 935 cognoscere
978 861 1130 944 potuerit,

121 938 221 1002 suerit
236 942 432 1025 prolocutus,
453 939 602 1025 Capitale
618 954 650 1004 et
663 941 757 1005 Glero
779 945 1054 1028 praesentetggqui
1070 944 1133 1007 de-

120 1027 269 1105 figurans,
289 1026 777 1113 orationeadArchiepiscopurn
792 1025 1131 1113 etEpiscoposetGle-

121 1132 194 1173 curn
218 1111 336 1189 habita,
358 1109 512 1197 Episcopi
532 1114 671 1198 proprii,
694 1125 726 1176 et
748 1113 813 1194 ejus
835 1113 918 1197 apud
941 1135 1034 1198 quem
1055 1125 1131 1176 tunc

122 1197 316 1272 morabatur,
338 1200 392 1260 seu
413 1196 618 1278 siR'egularis
638 1200 687 1274 sit,
707 1202 779 1261 suae
792 1199 962 1276 religionis
974 1199 1132 1282 Superio-

121 1281 168 1342 ris
191 1282 417 1344 teliimonieles
432 1283 558 1345 litteras
575 1283 615 1345 de
632 1280 709 1358 vita,
731 1284 885 1360 moribus,
906 1293 1005 1345 aetate
1026 1294 1058 1345 et
1072 1305 1132 1345 na-

121 1366 239 1428 talibus
251 1361 408 1452 proferet.
435 1366 541 1430 Testes
557 1368 654 1431 etiarn
667 1388 780 1448 graves
789 1378 824 1431 ac'
836 1357 926 1429 omni
941 1368 1132 1453 exceptione

122 1453 268 1533 rnajores,
288 1449 328 1522 de
353 1452 502 1515 omnibus
523 1454 619 1538 plene
638 1453 804 1516 instructos
824 1453 1054 1517 examinandos
1075 1475 1133 1514 cu·

120 1538 217 1613 rabit,
239 1532 397 1599 Ordinum
417 1541 575 1600 sacrorum
599 1559 680 1624 quos
702 1539 764 1620 jam
782 1540 938 1623 suscepit,
960 1536 1130 1616 etgradna

119 1617 311 1683 Doctorntus
331 1633 386 1683 aut
403 1620 600 1685 Licentiatus
622 1625 658 1686 in
685 1621 768 1694 sacra
793 1624 959 1702 theologia
988 1624 1043 1686 vel
1062 1623 1132 1705 jure

120 1706 274 1770 canonico
299 1706 438 1784 litteras,
458 1718 511 1778 aut
532 1709 694 1793 publicum
716 1709 846 1790 alicujus
867 1704 1059 1770 Academiae
1080 1719 1133 1769 te·-
1215 1704 1218 1717 '

120 1792 312 1868 stimonium,
330 1793 383 1856 seu
404 1792 609 1874 siRegularis
633 1789 742 1867 suerit,
761 1795 976 1856 authenticam
997 1787 1134 1878 praefati

120 1878 386 1958 sueoreligionis
408 1880 582 1964 superioris
598 1880 716 1957 fidem,
740 1901 802 1964 quo
825 1878 960 1940 idoneus
983 1880 1025 1965 ad³
1046 1880 1130 1941 alios

114 1961 478 2040 docendosostendatur,
500 1966 676 2031 exhibebit.
709 1961 802 2047 Quae
814 1965 868 2025 ubi
882 1958 1000 2038 fecerit,
1020 1973 1133 2040 exeat;

119 2059 153 2111 et
170 2059 245 2110 tunc
260 2050 314 2111 his
332 2053 480 2112 omnibus
500 2053 538 2112 ab
548 2047 813 2135 Archiepiscopo,
833 2047 1013 2132 Episcopis,
1035 2047 1133 2131 Capi-

120 2134 192 2215 tnlo
213 2133 386 2213 diligenter
407 2134 560 2210 discussis,
580 2135 756 2214 designatus
772 2145 940 2195 revocetur
962 2143 993 2192 et
1014 2133 1051 2192 ab
1066 2135 1133 2193 eis·
1210 2141 1216 2151 ⁴

121 2217 196 2278 dem
208 2218 419 2289 examinetur,
436 2220 538 2279 etalio
549 2216 602 2280 die
616 2221 652 2279 in
660 2217 808 2301 Capitulo
820 2219 857 2277 ab
866 2213 1132 2300 Archiepiscopo‚

119 2299 288 2385 Episcopis
310 2313 341 2362 et
353 2299 447 2377 Glero
464 2304 598 2364 verbum
611 2301 674 2363 Dei
695 2301 880 2384 praedicans
902 2300 1057 2376 audiatur,
1078 2312 1133 2363 aut

120 2386 258 2470 publice,
281 2387 335 2448 ubi
355 2386 456 2464 magis
471 2386 624 2472 expedire
639 2385 818 2460 videbitur3
841 2386 985 2448 et.sinita
1003 2385 1133 2471 praedi-

120 2472 263 2547 catione,
284 2467 512 2556 professionem
533 2471 607 2534 fidei
628 2467 742 2548 saciat,
771 2492 871 2556 quam·
884 2492 980 2534 ananu
1001 2472 1133 2556 propria

119 2558 271 2635 signatam
285 2553 541 2641 Archiepiscopo
564 2557 688 2621 offerat.
730 2555 765 2618 Si
787 2558 860 2641 quis
882 2569 988 2619 autern
1008 2555 1132 2642 aliquid

119 2642 287 2704 adversum
322 2642 426 2726 ipsum
447 2641 706 2704 Promovendunt
733 2641 816 2704 velit
845 2643 998 2725 objicere,
1024 2663 1131 2704 coram

119 2723 375 2811 Archiepiscopo
395 2729 434 2790 et'
447 2726 614 2813 Episcopis
630 2726 664 2789 id
686 2724 791 2789 saciet.
834 2727 1061 2796 Nernotarnen
1073 2725 1133 2788 ad·

119 2811 550 2893 mittaturadobjiciendu1n‚
575 2811 683 2898 quide
702 2812 766 2873 fide
787 2811 945 2896 suspectus
962 2810 1076 2887 suerit,
1099 2823 1132 2874 et

120 2898 177 2981 qui
195 2897 272 2958 fidei
300 2896 529 2979 professionem
549 2898 636 2981 juxta
666 2893 838 2960 formulam
868 2892 954 2958 insra
980 2898 1129 2979 scriptam

120 3002 189 3044 non
203 2977 325 3042 fecerit.
357 2978 631 3068 Archiepiscopue
646 2992 750 3044 autern
763 2982 815 3044 vel
828 2979 1005 3065 Episcopus
1026 2980 1131 3042 etalii

122 3065 411 3151 comprovinciales
432 3066 583 3152 Episcopi
604 3067 721 3141 vocati,
742 3067 974 3129 communicato
998 3065 1129 3127 consilio

121 3172 192 3213 cum
206 3148 354 3234 Capitulo
375 3151 415 3214 de
435 3174 473 3213 eo
500 3153 583 3238 quod
604 3153 665 3237 ipsi
686 3152 724 3213 de
738 3149 970 3214 Promoventso.
983 3150 1131 3227 sentiant,
1244 3197 1252 3213 ,

72 3290 77 3297 ,
121 3257 156 3298 ac
179 3235 218 3297 de
241 3237 388 3298 omnibus
410 3237 463 3299 his
484 3259 561 3324 quae
576 3239 622 3299 ibi
639 3238 744 3299 habita
764 3248 866 3311 eruut,
890 3234 1131 3299 instrumentum

120 3321 284 3404 publicum
300 3322 543 3400 conficiendum,
563 3321 707 3407 illudque
720 3321 936 3385 authenticum
954 3320 1050 3405 ipsius
1061 3316 1131 3381 Ar-

118 3407 321 3490 chiepiscopi
347 3410 401 3469 seu
420 3405 572 3491 Episcopi
594 3418 627 3472 el
653 3410 788 3468 duorum
809 3405 1131 3490 comprovincialium
1173 3476 1178 3481 ,

122 3511 219 3554 rnanu
240 3493 450 3571 obsignatum,
481 3515 607 3556 necnon
626 3492 770 3577 ipsorum
798 3503 830 3554 et
852 3489 992 3574 Capituli
1023 3490 1129 3570 sigillo

122 3576 293 3653 munitum,
314 3577 352 3638 ad
375 3577 597 3642 sanctissimum
611 3576 787 3640 Dominum
808 3575 945 3638 nostrum
966 3577 1132 3663 quampri-
1197 3563 1201 3570 ’
1248 3640 1252 3660 Ι

122 3683 212 3724 muru
232 3660 424 3725 mittendum
438 3661 587 3741 studeant,
610 3673 642 3725 et
655 3661 797 3724 fideliter.
813 3666 885 3725 suae
898 3662 1056 3724 s'enctitati
1077 3681 1132 3721 re-

123 3746 289 3824 nuntient3
310 3750 365 3833 qui
387 3749 506 3810 dictum
527 3750 765 3811 instrumentum
776 3757 808 3809 et
822 3749 946 3810 litteras
965 3748 1002 3808 ab
1023 3766 1061 3807 eo
1075 3744 1132 3827 qui

125 3843 287 3916 proponet
302 3834 337 3894 in
351 3831 536 3895 Corrsislorio
560 3837 686 3919 publice
707 3831 877 3912 legendum
899 3831 1075 3900 inundabit,
1098 3839 1134 3890 ut

125 3921 194 4002 ipse
215 3929 312 4005 prout
325 3919 432 4002 gregis
445 3917 600 3985 dominici
612 3917 780 3983 commodo
795 3920 895 4002 magis
911 3913 1065 4002 expedire
1079 3913 1134 3977 vi·
1186 3949 1187 3952 =
1217 3976 1220 3985 ,
