2528 4522
416 288 520 357 inlex
544 287 738 359 Liternina.
943 340 946 353 ‚
984 260 1088 365 ,1449
1182 316 1184 325 ¹

52 432 58 444 “
108 459 141 514 r.
159 459 187 513 12
205 457 389 520 hexaemeron
407 460 471 514 non
491 465 540 520 rr.
597 461 761 516 neeman
779 450 1040 541 argentearia.
1063 453 1065 457 ’

73 534 116 583 De
130 528 260 600 paradiso
278 530 354 587 liber.
597 539 641 588 De
661 532 873 606 lapsa‘vr'rginie
890 536 1070 605 eonsecratae.

72 605 115 654 De
133 601 198 652 Cain
216 611 244 652 et
261 601 333 654 Abel
349 601 412 656 libri
429 606 471 662 ΙΙ.
598 609 641 660 De
658 604 791 672 mysteria
808 603 882 662 liber.
947 633 948 640 κ

71 675 114 723 Do
132 671 274 726 Abrabam
290 672 353 724 libri
370 677 411 731 Il.
599 680 642 728 De
654 674 834 746 sacramentis
850 675 913 743 libri
933 679 982 737 Vl.

71 746 114 794 De
132 741 198 794 bono
214 744 307 795 morlia
322 743 396 811 liber.
599 751 643 805 De
656 747 823 817 poenitentia
842 746 906 802 libri
922 751 964 806 11.

72 816 115 865 De
133 814 198 866 Elia
214 823 242 865 et
257 816 363 883 jejunio
377 814 451 874 liber.
600 821 642 871 De
653 817 714 888 fida
731 817 793 870 libri
813 819 845 874 V.

72 887 115 936 De
133 885 261 945 Nabatbe
277 887 425 939 iezraelita
442 886 516 944 liber.
599 892 643 942 De
655 888 760 960 spirita
772 888 872 960 sancto
888 888 952 944 libri
969 895 1027 950 111.

73 956 267 1008 Enarrationaa
284 957 313 1008 in
329 957 453 1027 Psalmoa
470 963 541 1015 XII.
569 966 571 971 '
599 959 748 1030 Epislolee.

73 1025 213 1096 Exposttio
241 1030 293 1085 aa.
313 1026 369 1098 sec.
395 1034 500 1121 {neam
523 1031 561 1084 li-
598 1033 642 1083 De
666 1030 770 1099 exceffa
789 1030 896 1102 fratria
914 1029 964 1101 sni
988 1033 1086 1106 Satyri

72 1094 127 1150 bria
145 1101 183 1152 Χ.
197 1100 392 1170 comprehensa.
668 1100 732 1154 libri
750 1104 791 1157 ΙΙ.
809 1104 951 1158 locandae:
971 1108 1014 1158 De
1025 1106 1087 1176 fide

108 1168 142 1225 T.
160 1168 200 1223 112
218 1171 365 1240 Deofficiia
379 1171 560 1242 ministrorum
668 1171 879 1242 resurrectionis.
956 1212 958 1217 -

50 1247 52 1252 “
143 1239 206 1293 libri
223 1242 280 1298 ΙΙΙ.
536 1270 541 1282 ι
570 1257 572 1267 ¹
599 1244 694 1296 Oratio
712 1244 744 1295 tie
762 1243 837 1296 obitu
859 1244 1006 1313 Theodafii.

73 1312 115 1361 De
138 1309 288 1382 virginibus
310 1311 349 1364 etl
372 1313 559 1377 Mareellinam
600 1316 630 1370 ln
647 1316 812 1384 appendic„
840 1317 1041 1392 commentaria,
1059 1314 1089 1371 in

141 1380 259 1450 sororem
272 1380 355 1451 snam
372 1382 434 1438 libri
450 1387 507 1439 ΙΙΙ.
669 1386 796 1455 epistolae
807 1389 894 1442 XIII.
906 1387 978 1439 beati
994 1389 1088 1451 Pauli.

64 1453 115 1502 ‘De
130 1453 221 1505 vidais
239 1453 315 1509 liber.
600 1458 643 1517 De
661 1456 794 1528 dignitate
809 1457 986 1528 sacerdotali.

72 1525 115 1575 De
130 1523 300 1592 institutione
317 1523 431 1598 virginio
447 1523 523 1581 liber.
598 1529 743 1583 Sermones.
944 1561 947 1573 ·

143 1617 257 1668 hanani
277 1613 392 1684 episcopi
410 1613 577 1668 Lanianahha
602 1616 635 1668 de
662 1612 791 1667 laudibus
812 1613 946 1688 gloriosae
967 1617 1090 1690 Virginia

72 1686 179 1737 Mariae
198 1684 383 1757 perelegantea
413 1685 537 1739 homiliae
567 1696 641 1746 aeto,
677 1686 712 1739 ad
736 1688 833 1741 taleam
857 1688 991 1758 Fuigenlil
1017 1692 1090 1761 0pp.

73 1775 98 1825 p.
116 1759 230 1826 ibliqq.
250 1759 302 1812 rid.
321 1758 542 1826 Fulgentlna.

142 1850 287 1903 harenari
304 1847 337 1904 P.
360 1846 398 1900 M,
415 1845 542 1919 epistola
564 1846 592 1902 in
609 1847 771 1903 Collectione
788 1846 964 1907 Caecilianum
980 1841 1087 1924 amplll-
1141 1846 1145 1858 ²

72 1921 130 1974 lima
147 1921 174 1976 l.
188 1919 222 1974 D.
243 1916 325 1974 Manli
343 1918 377 1973 T.
394 1919 416 1974 1.
487 1964 490 1972 .

140 2013 279 2064 annania
309 2009 573 2067 Hrnaoaomrnanr
600 1991 749 2080 arehiepilo.
783 2009 913 2065 Creteniia
944 2011 1088 2066 orationes.

73 2083 175 2134 Graeco
193 2090 220 2134 et
234 2083 328 2145 latine,
357 2082 500 2150 interprete
518 2083 685 2150 Cambehfla,
704 2086 731 2136 in
751 2081 912 2137 Bibliotheca
928 2082 1037 2138 Petram
1063 2102 1087 2140 e.

74 2153 203 2206 Gallandii
221 2153 254 2206 T.
271 2152 345 2207 Xlll.
365 2170 391 2220 p.
409 2157 444 2204 93
453 2151 508 2220 sqq.

143 2223 298 2274 Encomiarn
315 2223 345 2273 in
362 2221 536 2273 nativitatem
549 2217 731 2289 sanetiffirnaa
748 2217 894 2287 Deiparae.

143 2291 238 2345 Oratio
256 2291 286 2344 in
306 2289 442 2368 Doiparae
460 2291 580 2345 bonanae
599 2291 706 2359 nostrae
724 2291 966 2349 annunciationem.

143 2383 298 2436 Anennnna.

144 2455 233 2509 Sancti
252 2452 459 2522 anselmiox
476 2449 601 2506 Beooenfi
627 2448 722 2522 abbate
741 2450 929 2506 Cantharienha
954 2451 1090 2525 Arohiepl·

72 2526 144 2596 ioopi
167 2527 270 2593 Operae
295 2540 344 2578 neo
365 2541 416 2577 aon
437 2524 600 2578 Eadmarl
630 2521 747 2577 monaehi
767 2523 956 2597 cantuarieniiq
987 2525 1090 2581 historia

16 2608 19 2612 '
73 2600 221 2662 Natorum,
239 2602 266 2650 et
284 2596 333 2663 alia
351 2596 489 2666 opuscula:
508 2595 598 2650 labore
612 2611 651 2666 ao*
663 2594 743 2646 lindio
762 2594 793 2648 D.
808 2596 991 2651 Gabrielia
1005 2600 1089 2651 Ger-

73 2672 181 2724 heron
206 2666 322 2722 monaehi
341 2669 550 2736 congregationis
562 2669 592 2721 S.
612 2667 697 2720 Mauri
717 2666 750 2717 ad
769 2667 828 2721 hili.
847 2668 925 2729 hdem
943 2670 1089 2737 expurgata

72 2749 100 2795 et
117 2748 202 2805 aneta.
228 2739 367 2793 arcuada
385 2741 481 2806 editio,
505 2746 623 2792 correcta
641 2745 668 2792 et
685 2743 770 2788 aucta.
821 2739 949 2790 lutetiae
965 2739 1090 2807 Parisio-

72 2832 149 2868 ram.
168 2812 310 2879 sumptibua
328 2809 485 2875 Manabat,
501 2811 670 2878 bibliopolae,
688 2806 722 2859 ad
741 2807 835 2875 Ripam
852 2809 906 2862 1³1³.
925 2809 1089 2878 augustinia-

78 2899 178 2947 norum,
196 2898 276 2950 prope
293 2883 404 2938 Pontem
420 2885 450 2941 S.
464 2880 609 2938 Mic-haila.
629 2880 707 2935 ml.
726 2894 784 2932 eum
802 2880 941 2949 privilegio
955 2885 1040 2950 regia,
1057 2899 1090 2937 aa

72 2955 234 3023 superiorum
249 2954 361 3010 lieentia.

75 3053 128 3097 car
145 3044 221 3095 Deae
240 3041 329 3098 borno.
348 3039 410 3094 libri
428 3043 490 3095 duo.
575 3028 577 3037 ἢ
670 3055 766 3104 azymo
783 3047 812 3090 et
847 3049 1003 3098 ermentato.

72 3119 114 3167 Da
132 3111 219 3166 tribua
237 3111 398 3166 Waleranni
422 3108 559 3186 quaestio-
600 3113 643 3163 De
659 3108 800 3162 voluntate
831 3109 895 3166 ibet.

143 3183 235 3240 nibus.
274 3201 308 3235 aa
336 3179 494 3254 praefirtim
526 3183 558 3233 de
599 3185 643 3234 De
660 3180 803 3234 voluntale
820 3181 873 3232 Del
890 3180 964 3242 liber,

142 3275 284 3328 hrenneri
302 3286 491 3328 enarmonia
510 3271 696 3326 Ananar'anu
714 3267 767 3325 rid.
786 3266 887 3325 Libri
907 3267 1050 3341 symbol.

140 3364 327 3416 Arenataraa.

143 3436 172 3488 S.
190 3435 276 3487 Patria
294 3433 369 3485 nostri
386 3427 571 3488 Athanasii
588 3424 703 3499 archiep.
712 3427 878 3482 Alexandrini
893 3429 982 3496 Opera
1004 3426 1090 3483 amnia

72 3521 140 3571 qaae
158 3511 249 3558 extant
268 3505 308 3557 vel
328 3520 393 3571 qnae
417 3504 590 3571 eiua-nomine
610 3502 842 3565 circumferuntur,
861 3499 893 3552 ad
910 3499 967 3554 mir.
986 3501 1090 3552 codieea

72 3577 239 3640 Gallicanon,
258 3577 416 3641 vaticanos,
435 3582 484 3627 eto.
503 3589 601 3627 necnon
621 3574 653 3625 ad
672 3570 889 3634 commelinianae
906 3572 1030 3624 lectionar
1043 3588 1091 3623 ea-

72 3651 178 3714 stigata,
206 3649 292 3700 multia
309 3655 400 3710 aneta,
426 3662 492 3698 nova
516 3646 744 3713 interpretatione,
769 3643 985 3710 praefationibus,
1014 3643 1091 3706 notia,

72 3721 149 3771 variia
168 3719 322 3771 lectionihua
340 3719 474 3770 illustrata:
504 3732 568 3769 nava
589 3718 679 3772 Sancti
697 3715 818 3767 Doctoria
836 3715 903 3779 vita,
927 3714 1093 3776 onomastiea,

72 3802 100 3844 et
118 3789 290 3859 eopiofillrrnie
308 3789 440 3842 indicibua
453 3789 619 3856 locupletata.
662 3787 750 3854 Opera
768 3792 795 3838 et
813 3785 892 3837 lindio
907 3783 1093 3836 Monachu-

71 3879 142 3915 rum
161 3862 299 3914 ordinia
315 3862 345 3917 S.
364 3859 555 3913 benedicti
574 3876 589 3912 a
606 3856 810 3924 congregatione
827 3857 856 3909 8.
877 3855 971 3909 Mauri.
1017 3855 1050 3908 Τ.
1068 3853 1089 3908 1.

71 3935 104 3988 P.
123 3939 148 3987 1.
165 3938 193 3990 h.
224 3934 258 3987 T.
276 3933 310 3987 11.
346 3929 478 3997 Parisiis,
497 3928 637 4000 lamptlbna
654 3930 762 3983 Joannla
780 3928 885 3982 hnihon
902 3924 1090 3996 typographiae

72 4007 162 4083 regiae
176 4004 321 4060 directoria·
339 4007 418 4059 leae.
440 4002 486 4058 iol.
503 4016 562 4057 eum
580 4002 717 4071 privilegio
733 4000 813 4069 regio.

142 4102 178 4161 11.
317 4148 319 4152 .
817 4093 861 4149 et
