2528 4522
285 237 287 240 ‚
336 261 535 332 Decretum
562 259 608 368 de
632 260 900 334 reformatione.
1040 277 1115 349 203
1173 328 1177 337 .

530 442 608 508 Gur.
628 442 695 510 lX.
732 426 738 447 ’
759 494 761 498 ,

107 559 299 646 [Quomodo
318 559 535 646 probandum
558 564 619 650 juo
645 573 873 651 potronatus,
906 575 939 630 el
968 567 1026 632 oui
1053 567 1115 633 de-

99 645 302 732 ferendum.
340 646 529 712 'Patronis
560 647 647 735 quid
678 671 745 712 non
782 647 897 712 licent.
949 652 1115 741 Aooeffio-

105 753 166 796 nes
188 725 430 814 beneficiorum
463 729 646 796 liberorum
678 731 726 795 od
754 731 907 880 euclqfios
920 726 1115 821 juris‘po-

105 824 267 878 trenetur
288 814 425 880 vetitae.
491 816 707 879 Patronotus
736 839 801 879 non
835 817 978 903 egitime
1009 843 1115 907 quoe·-

407 897 474 987 stli
495 900 678 964 revocandi
689 899 806 990 suna]

169 1013 272 1076 Sicuti
293 1014 438 1096 legitima
462 1028 688 1100 patronatuutn
715 1015 784 1094 jura
817 1017 948 1092 tollere,
980 1017 1114 1103 piasque

103 1097 250 1163 fidelium
280 1103 458 1162 voluntates
491 1102 525 1163 in
557 1122 668 1162 eorum
699 1097 744 1182 ²²)
764 1100 958 1162 institutione
990 1103 1113 1165 violare

103 1204 239 1269 aequum
261 1207 328 1247 non
349 1186 408 1248 est:
435 1187 475 1246 fic
502 1187 598 1248 etiam
622 1199 654 1245 ut
675 1186 737 1246 hoc
758 1187 865 1246 colore
888 1186 1038 1248 beneficia
1059 1178 1114 1248 ec‘-

103 1269 263 1331 cleliallica
286 1272 321 1332 in
343 1271 541 1345 servitutem,
562 1270 645 1355 quod
670 1292 686 1329 a
709 1271 819 1331 inultis
839 1270 1041 1355 impudenter
1063 1273 1114 1350 fit,

66 1394 78 1413 .
101 1353 296 1434 redigantur,
318 1356 444 1416 nonest
466 1354 724 1439 permittendum.
765 1353 807 1415 Ut
830 1357 928 1434 igitur
950 1354 1054 1417 debita
1076 1357 1113 1420 in
1169 1410 1173 1417 .

99 1441 252 1506 omnibus
275 1441 356 1501 ratio
380 1443 582 1514 observetur,
613 1437 754 1501 decernit
776 1444 875 1502 lancta
898 1438 1056 1520 lynodus,
1079 1453 1113 1504 ut

102 1525 217 1587 titulus
238 1525 316 1606 juris
338 1536 521 1609 patronatus
541 1526 578 1586 fit
600 1546 641 1586 ex
664 1528 689 1602 ⁸)
703 1523 909 1598 fundatione,
941 1526 995 1586 rel
1017 1524 1112 1587 dota-

102 1610 212 1676 tione:
235 1612 289 1694 qui
312 1630 353 1671 ax
374 1611 559 1671 authentico
582 1609 791 1685 documento,
820 1622 851 1671 et
873 1609 948 1670 aliis
969 1611 1037 1692 jure
1058 1632 1113 1673 re·

77 1696 225 1779 ,quilitis
245 1695 444 1770 ostendatur3
482 1695 548 1756 five
569 1696 664 1756 etiam
695 1717 737 1756 ex
764 1696 988 1778 multiplicatis
1016 1716 1112 1781 prae-

100 1781 333 1843 sentationibus
354 1801 411 1864 per
432 1780 680 1866 antiquilliruurn
699 1781 855 1864 tanrporIs
883 1779 1021 1857 curium,
1041 1780 1112 1868 -qui

100 1864 271 1927 hominum
299 1866 486 1930 memoriam
515 1865 673 1935 excedat,
697 1867 819 1926 aliasve
841 1865 1110 1946 tecundumtjuris

100 1948 357 2035 dispolitiouetn.
409 1946 446 2011 ln
468 1951 511 2010 iis
534 1970 611 2011 vero
635 1951 871 2035 personis,·leu
895 1952 1111 2013 communita-

99 2035 204 2112 tibus,
225 2037 280 2100 vel
301 2024 627 2112 2³)univerfiiuibus‚
649 2037 682 2096 in
706 2037 818 2120 quibus
839 2033 870 2094 id
887 2035 942 2115 {jus
966 2037 1110 2118 plerum·
1189 2057 1198 2067 ·

100 2141 162 2205 qua
194 2143 236 2182 ex
270 2120 474 2202 usurpatione
506 2121 615 2203 potius
644 2121 815 2204 quaelitum
838 2122 994 2202 praesumi
1016 2122 1109 2200 solet,

25 2236 29 2244 ·
98 2205 247 2288 plenior,
284 2215 317 2265 at
337 2205 480 2265 exactior
496 2206 643 2286 probatio
666 2203 703 2263 ad
728 2203 903 2264 docendum
927 2225 1039 2280 verum
1065 2207 1110 2266 ti-

100 2290 204 2350 tulum
225 2289 416 2372 requiratur.
475 2287 539 2348 Nec
559 2289 827 2355 ,immemorabilis
848 2290 1006 2371 temporis
1029 2310 1109 2372 pro-

99 2375 187 2436 batio
216 2366 310 2433 aliter
337 2371 384 2434 eis
414 2370 617 2450 suffragetur,
648 2372 805 2458 queruli,
830 2384 954 2454 praeter
986 2375 1108 2461 reliqua

98 2458 138 2519 ad
160 2479 229 2520 eam
253 2455 435 2530 neeeffaria,
457 2456 736 2540 praesentationes,
758 2459 855 2518 etiam
878 2454 1108 2534 2⁴‘'lco'nti'uua-

98 2551 164 2616 tae,
187 2565 253 2604 non
276 2542 396 2604 minori
418 2543 546 2618 saltem,
581 2563 673 2626 quam
697 2543 924 2628 quinquaginta
948 2563 1107 2607 antrorum

97 2630 220 2713 l'patio,
254 2646 466 2712 quae'omues
489 2626 635 2689 effectum
656 2627 784 2688 sortitae
803 2628 879 2701 lint,
914 2629 1107 2692 authenticis

96 2711 262 2796 scripturis
296 2714 479 2797 probentur.
558 2710 688 2797 Reliqui
722 2723 906 2796 patronatus
938 2735 1049 2775 ornnes
1069 2716 1114 2777 in

97 2798 272 2874 beneficiis,
295 2808 359 2859 tarn
377 2797 596 2874 laecularibus,
614 2819 707 2882 quam
729 2800 933 2876 regularibus,
954 2805 1006 2858 l'eu
1029 2813 1106 2880 par-

97 2883 295 2956 ochialibus,
326 2880 377 2944 val
408 2882 632 2959 dignitatibus,
663 2893 716 2942 aut
750 2885 994 2968 quibuscumque
1028 2885 1104 2945 aliis
1175 2951 1178 2958 ¹

97 2967 279 3042 beneficiis,
308 2967 343 3028 in
372 2967 565 3041 cathedrali,
601 2968 649 3028 vel
681 2967 847 3045 collegiata
872 2968 1012 3037 ecclefiu3
1049 2971 1103 3029 sea

97 3050 280 3126 facultates,
304 3064 335 3113 et
356 3052 526 3135 privilegia
548 3050 697 3123 concell'a,
721 3063 783 3112 tam
804 3054 836 3111 in
860 3052 925 3110 vim
950 3061 1104 3133 patrona-

17 3202 21 3212 ,
97 3150 163 3215 tus,
195 3158 287 3221 quam
311 3137 375 3197 alio
395 3159 591 3221 quocumque
621 3138 686 3217 jure
707 3134 913 3207 norninandi,
951 3134 1103 3213 eligendi,

96 3221 317 3310 praesentandi
337 3219 374 3281 ad
402 3243 454 3297 ea,
475 3243 545 3282 cum
569 3233 689 3296 vacant,
711 3222 854 3302 exceptis
876 3221 1104 3303 patronatibus,

95 3314 189 3393 lupar
212 3305 442 3368 cathedralibus
464 3308 600 3368 eccleliis
632 3307 908 3390 competentibus,
938 3317 970 3365 et
1006 3327 1103 3368 exce-

96 3395 164 3478 ptis
196 3392 286 3466 aliis,
309 3412 387 3476 quae
409 3390 445 3452 ad
464 3392 705 3474 imperatorem,
738 3402 770 3451 et
799 3411 907 3468 reges,
927 3394 979 3452 l'eu
1005 3412 1102 3470 regna

97 3475 299 3563 polfidentes‚
324 3477 468 3560 aliosque
488 3477 654 3552 l'ublimeS,
689 3497 723 3537 ac
739 3481 906 3560 supremos
928 3476 1102 3561 principes,

130 3682 177 3744 22)
196 3699 289 3734 earum
311 3679 395 3736 Vird..
413 3674 505 3735 Rhem'.
523 3707 559 3717 —-
593 3680 639 3746 23)
658 3654 836 3743 communia,
854 3677 899 3730 rel
916 3694 965 3730 om.
983 3674 1102 3729 eoed.-
1175 3715 1179 3730 ,

129 3752 176 3818 24)
193 3752 277 3804 allent
292 3770 343 3821 pro
361 3755 444 3804 etiam
459 3749 554 3806 eard.-

129 3863 154 3924 υ)
170 3855 237 3991 {gib
255 3859 334 3917 Xtv.
352 3858 386 3914 de
405 3857 517 3914 reform.
543 3875 566 3910 c·
584 3865 628 3920 12.
646 3855 764 3927 Gregor.
784 3812 865 3909 [lucr.
884 3853 915 3910 t..
931 3852 979 3904 lll.
998 3849 1102 3933 titqllss·

130 3945 155 3982 c.
