2528 4522
207 281 284 365 365
330 374 333 378 ἡ
457 275 565 351 Bulla
585 277 626 349 in
648 298 762 361 coena
785 275 945 351 Domini.

206 459 328 541 niceri,
358 456 620 547 anathematizari
644 459 699 523 rel
726 455 878 522 interdici
900 480 968 533 non
988 458 1128 547 polline,
1161 484 1217 550 par

204 552 318 619 literae
332 543 552 631 Apenninus,
570 558 637 607 n'on
657 541 810 607 ferientes
831 545 960 629 plenam
976 557 1013 611 et,
1024 547 1216 632 expreii'em,

206 656 243 699 eo
265 634 310 697 de.
333 633 431 705 narbo
456 628 495 691 ad
525 633 658 693 verbum
687 629 727 693 de
753 629 965 709 Privilegiis,
997 629 1215 715 indulgentiis

207 732 242 785 et
260 716 399 795 Induitis
420 714 615 798 hujusmodi,
638 735 673 776 ac
693 713 734 777 de
755 713 938 789 ordinibus,
958 716 1048 793 locis,
1067 717 1216 791 nemini.

206 807 265 869 bus'
300 799 463 886 propriis,
506 800 748 879 cognominibus
780 809 813 860 ot
847 799 1056 879 dignitatibus
1092 825 1213 884 eornm,

204 890 422 961 mentionem„
448 904 573 947 necnon
589 882 866 955 consuetudinibus
887 886 984 951 etiam
1006 888 1215 953 immemora-

206 974 325 1038 bilibus
336 968 382 1051 ⁷⁵)
405 991 444 1041 ac¹
459 968 761 1054 praescriptionibus
783 980 1069 1056 quantulocumque
1086 976 1214 1061 longit·
1240 999 1243 1003 ·

106 1092 113 1107 ·
205 1057 302 1131 limis⁴
325 1067 359 1121 et
383 1053 459 1117 aliis
487 1054 681 1139 quibuslibet
721 1054 951 1129 observantiis,
990 1057 1121 1142 loriptie
1163 1061 1214 1124 rel

205 1165 281 1215 non,
294 1141 442 1225 lcriptis,
463 1160 520 1224 per
542 1160 620 1225 quae
639 1140 828 1211 contrahes
850 1139 972 1201 noliros
995 1142 1159 1224 precelsus
1180 1168 1213 1210 ac

205 1227 393 1303 sententiae,
414 1222 809 1310 quominus'includeptur
830 1222 867 1286 in
888 1224 948 1304 cis,
970 1228 1002 1288 ie
1018 1226 1136 1310 'jurare
1158 1253 1214 1296 vn.

205 1314 296 1387 leant
316 1310 487 1379 veltueri.
667 1370 671 1379 ,
1020 1350 1023 1355 -
1117 1374 1120 1379 ,

171 1470 174 1475 .
270 1392 363 1479 Quae
377 1394 492 1473 ,omnia
512 1390 614 1479 quoad
638 1391 700 1461 hoc
727 1413 839 1457 eorum
865 1391 1008 1459 oxnnium
1029 1403 1162 1461 tenores
1179 1417 1213 1460 oc

204 1482 228 1545 li
250 1480 304 1565 [de
323 1478 435 1562 verbo]
458 1478 497 1541 ed
519 1480 651 1542 verbum
672 1478 758 1542 nihil
780 1479 909 1564 penitus
931 1477 1066 1558 umiss'o,
1089 1485 1213 1547 iniere-

204 1579 332 1643 rontor,
362 1564 578 1652 praesentibus
608 1584 668 1649 pro
698 1565 851 1647 expreffis
872 1565 1047 1644 habentes,¹
1081 1568 1211 1650 penitus

204 1652 351 1723 tollimirs
383 1660 415 1713 et
446 1648 579 1711 omnino
608 1668 810 1728 revocemus,
842 1651 1018 1737 ceterisque
1040 1655 1212 1715 contrariis

204 1738 462 1820 quibuscumque.
593 1796 596 1803 ,
710 1780 742 1803 .,
810 1772 833 1789 .ι

268 1817 313 1885 Ut
335 1834 412 1881 vcro
445 1820 624 1902 praesentes
654 1814 750 1879 nollri
781 1816 942 1903 precelsus
974 1817 1013 1881 od
1032 1819 1211 1902 ,publicam

203 1905 349 1973 omnium
371 1903 520 1977 notitiem
544 1897 883 1982 faciliusdaducantur,
904 1904 1094 1975 chartasleu
1108 1927 1213 1970 mem·

202 1991 312 2053 branae
333 1985 605 2073 Proceliueiplos
627 1989 846 2065 continentes,
869 1990 975 2059 valvis
999 1987 1156 2057 Eccleliae
1177 1992 1211 2054 S.

85 2132 87 2137 .
202 2072 361 2139 iohannis
380 2070 597 2137 Lateranenfie
618 2080 650 2132 et
661 2069 810 2153 Balilicae
828 2072 988 2173 Principis
998 2070 1050 2158 76)
1068 2072 1211 2161 Apollo·

201 2160 308 2227 lorum
329 2159 369 2222 de
392 2157 475 2221 Urbe
495 2154 639 2243 appendi¹
660 2151 832 2237 laciernps,
864 2170 900 2233 ut
918 2161 955 2234 ri,
978 2181 1059 2244 quos
1082 2165 1211 2246 procel·

79 2262 81 2267 ·
199 2249 254 2310 sua
274 2243 460 2326 hujusmodi
480 2255 672 2307 concernunt
680 2244 803 2329 „qnod
832 2242 980 2330 adipsos
1001 2267 1069 2307 non
1091 2266 1211 2331 poree-

200 2329 331 2405 nerint,
362 2341 416 2392 eut
443 2327 528 2417 quod
555 2327 642 2413 ipsos
670 2326 910 2407 ignoraverint,
946 2329 1068 2392 nullam
1092 2330 1209 2415 poifint

200 2413 435 2478 excusationem
467 2411 693 2496 praetendere,
727 2424 780 2491 eut
810 2415 1026 2494 ignorantiam
1061 2415 1209 2496 ellegere,

200 2520 272 2561 cum
306 2519 372 2561 non
402 2498 440 2559 fit
470 2497 657 2571 verilirnile,
686 2494 975 2580 id,.remenere⁷⁷)
997 2501 1209 2580 incognitum,

199 2581 285 2668 quod
306 2594 368 2642 tam
393 2590 540 2663 patenter
573 2580 721 2643 omnibus
748 2585 937 2666 publicatur.
989 2580 1140 2670 Insuper,
1171 2598 1209 2648 ut

198 2663 361 2751 procellos
390 2663 451 2749 ipii
480 2673 514 2739 et
540 2666 874 2748 praelenteelliterae,
904 2690 938 2731 ac
957 2672 1067 2749 omnia
1088 2681 1121 2733 et
1141 2671 1208 2735 tin-

198 2751 274 2831 gula
295 2750 330 2813 in
352 2749 399 2825 eia
421 2759 584 2827 cnntenta,
606 2749 745 2831 eofiant
764 2754 916 2829 notium,
944 2777 1007 2841 qno
1028 2756 1064 2818 in
1085 2757 1208 2840 pleris-

197 2857 259 2922 que
280 2833 464 2909 civitatibus
485 2832 621 2905 etlocis
642 2826 771 2915 suerint,
794 2837 969 2922 publicata,
985 2841 1154 2905 .univerlis
1174 2852 1207 2904 et

196 2921 329 3002 lingulis
351 2919 559 2995 Patrierchis‚
584 2908 798 3003 Pri—metibus,
818 2919 1105 3009 Archispilcopis,
1124 2925 1208 3011 Epi-

195 3008 302 3093 lcopis
327 3017 360 3070 et
380 3006 525 3073 lucorum
548 3002 726 3089 Ordinariis
747 3021 778 3069 et
795 3004 948 3071 Praelatio
969 3010 1105 3087 ubilibet
1126 3034 1207 3075 con·

196 3093 323 3169 stitutis,
344 3112 402 3176 per
421 3092 499 3171 haec
519 3092 882 3177 scriptacmnrnittimus
899 3104 930 3156 et
951 3093 987 3157 in
999 3095 1207 3161 virtutelan-

197 3189 264 3241 ctae
286 3176 876 3263 obedientieezdistricte'praecipiendo
890 3179 1085 3258 mandemus,
1108 3195 1143 3244 ut
1157 3179 1205 3263 ⁷⁸)

195 3284 254 3348 per
276 3268 331 3338 se,
364 3261 428 3339 vel·
445 3272 502 3347 per
515 3259 560 3341 ⁷9)
580 3263 685 3346 edinen
703 3263 857 3347 senellae
878 3268 1059 3347 praesentes
1081 3267 1205 3345 literas,

78 3420 81 3427 Ι
195 3347 358 3432 postquam
378 3368 436 3425 aas,
453 3349 643 3433 receperint,
663 3346 718 3429 loe,
730 3360 836 3430 aarum
849 3349 1019 3429 habuerint
1040 3352 1205 3426 notitiam,

195 3434 293 3497 lemel
313 3434 349 3494 in
364 3444 546 3513 annnam,
566 3432 760 3519 liexpedire
781 3432 933 3511 viderint,
955 3435 1053 3498 etiarn
1077 3438 1201 3522 pluries

194 3513 496 3597 inEocleliieiuis,
530 3517 606 3581 dum
637 3518 750 3603 imis
770 3519 870 3601 mejor
891 3521 1007 3605 populi
1025 3524 1200 3586 multitudo

195 3602 233 3664 ed
256 3600 367 3662 divine
381 3603 579 3682 convenerit,
601 3598 786 3665 solemniter
797 3605 970 3688 publicent,
991 3607 1071 3668 etad
1084 3606 1200 3672 Christi

194 3687 336 3755 fidelium
358 3697 480 3767 mentes
501 3686 670 3766 reducant,
691 3689 844 3752 nuncient
867 3702 900 3752 et
921 3688 1091 3760 declarent.
1140 3697 1142 3700 ’

196 3812 633 3830 »νῇ-*Μ
675 3796 678 3805 Ι

227 3889 274 3952 75)
291 3891 320 3941 in
337 3866 552 3945 memorialibus.
569 3914 604 3933 ’-
637 3890 686 3956 76)
702 3888 873 3962 Principum.
890 3918 927 3933 -
959 3891 1007 3959 77)
1024 3905 1145 3947 mettere.
1161 3913 1196 3930 «-

227 3964 275 4026 78)
290 3960 333 4013 vel
350 3957 414 4015 odd.
432 3983 466 4002 -
500 3964 547 4026 79)
564 3977 614 4030 per
632 3979 680 4016 orn.
