2528 4522
330 263 459 337 Oratio
484 229 612 346 ulduno
634 287 734 337 cone.
757 263 863 346 Trid
972 274 987 305 ‘
1029 278 1102 353 281

97 489 99 494 ·
142 445 204 514 Ille
222 469 240 512 a
255 447 287 515 la
304 459 434 536 atquae
452 449 548 513 nobit
570 446 791 515 diffentientea
810 447 971 531 hominen,
986 453 1106 516 exob-

100 535 299 610 l'ctrrilfimia,
331 536 367 599 in
389 535 503 621 quibus
523 540 707 614 variantur,
733 536 873 600 tenebris
895 542 1025 614 eruera,'
1048 550 1107 602 at-

101 620 220 704 quaad
241 626 367 684 sanctae
384 622 477 704 hujua
502 620 617 702 lynodi
648 621 847 685 clarillimam
867 622 971 685 luceru
998 622 1107 709 adipi-

99 705 246 769 ciendum
282 705 453 782 adducere,
497 707 717 792 maximopere
747 709 920 769 laboravit.
981 705 1106 788 Regum

98 807 262 875 praeterea
282 790 532 854 Christianorum
558 813 593 854 ac
614 793 795 878 principiam
823 792 858 855 in
880 792 1025 877 concilio
1042 796 1103 856 hoc

91 877 302 960 aruplillirnia
323 879 388 940 luia
417 878 633 958 legationibus
655 878 814 955 ornando,
845 890 876 940 et
895 882 968 941 luca
990 879 1107 943 vestrae

99 963 282 1024 auctoritati
311 959 408 1026 fascea
437 962 666 1040 submittendo,
701 965 754 1048 pia
783 965 923 1026 maxime
955 965 1106 1028 volontas

53 1060 56 1064 ’
74 1086 80 1097 ·
98 1057 188 1125 grata
207 1048 301 1110 nobie
317 1049 472 1112 memoria
493 1048 712 1135 pro-sequenda
733 1047 785 1111 eti.
834 1047 906 1111 Jam
935 1070 1012 1112 vero
1035 1051 1107 1136 quia

43 1210 45 1215 Α
99 1131 159 1206 est,
192 1131 342 1198 illustrill'.
360 1135 459 1213 legati
479 1146 513 1196 et
535 1135 731 1208 cardinales,
749 1133 805 1219 qui
825 1137 857 1197 le
877 1135 971 1197 vobis
991 1135 1107 1200 debere

97 1216 277 1299 plurimum
298 1241 365 1282 non
387 1216 547 1282 fateatur?
579 1219 653 1283 Vos
675 1218 846 1281 nostrarum
860 1219 1020 1282 actionum
1044 1220 1107 1288 du·-

99 1322 153 1364 cea
173 1303 307 1387 optimi,
335 1324 370 1365 ac
396 1304 612 1368 moderatores
639 1303 804 1380 exstitistis.
848 1302 920 1366 Vos
930 1349 947 1383 ‚1
975 1325 1015 1367 ne
1045 1327 1109 1368 no-

100 1385 159 1448 lira
181 1399 235 1449 aut
255 1387 464 1464 indicendo,
486 1399 540 1451 aut
561 1389 597 1453 in
618 1387 815 1451 decernendo
835 1389 965 1451 libertae
986 1389 1108 1454 violari

100 1473 208 1558 aliqua
229 1494 274 1536 ox
292 1474 783 1561 parte*videreturginciedibili
805 1475 959 1559 patientia
977 1494 1011 1537 ac
1030 1475 1109 1537 dili-

98 1558 208 1637 gentia
227 1559 380 1637 curastis...
408 1558 481 1621 Vos
497 1560 581 1622 nulli
603 1559 748 1645 corporis
769 1558 883 1635 labori,
902 1560 987 1621 nulli
1007 1559 1109 1623 animi

100 1643 300 1705 contentioni
314 1644 506 1729 pepercistis,
529 1657 561 1705 ut
582 1641 621 1706 ad
644 1655 786 1730 optatum
806 1646 1002 1722 reaexiturn,
1022 1645 1109 1731 quod

99 1729 157 1788 alii
178 1729 275 1791 multi
298 1730 392 1792 vestri
412 1731 530 1793 limilea
548 1724 658 1792 lrulira
688 1740 910 1806 tentaverunt,
942 1731 1109 1815 quarnpri·
1218 1789 1220 1793 ,

98 1833 186 1877 tuum
208 1812 441 1900 perduceretur.
501 1811 543 1877 In
572 1805 635 1901 quo
661 1815 860 1901 praecipuam
889 1815 1055 1901 quamdam
1073 1836 1109 1880 ac

10 1968 14 1980 x
97 1900 264 1984 propriam
293 1901 448 1965 laetitiam
470 1901 587 1962 habere
616 1912 649 1961 tu
673 1899 815 1962 lllonone
838 1900 986 1963 illullrill.
1014 1912 1109 1988 atqua

99 1984 294 2049 ornatilfime
315 1983 428 2049 debes:
452 1985 519 2072 qui,
539 2006 611 2047 cum
632 1985 785 2066 vigefirno
808 1986 924 2054 abhinc
936 2007 1020 2049 anno
1036 1988 1109 2071 pri·-

97 2078 187 2132 mur'n
202 2070 369 2157 'praeclaro
392 2071 468 2133 huic
487 2069 634 2133 aedificio
656 2071 796 2155 lapidem
815 2071 978 2154 poluerit,
1000 2083 1110 2134 extre-
1212 2104 1221 2125 ι

97 2173 184 2216 nram
207 2176 291 2217 nunc
311 2176 440 2219 manum
462 2155 533 2238 poli*
549 2156 632 2215 aliua
649 2157 768 2216 multoe
792 2155 866 2215 huic
887 2159 981 2238 operi
1001 2157 1110 2217 archi-

99 2248 203 2301 tectos
225 2239 407 2312 adhibitos,
436 2235 592 2312 feliciter,
625 2258 684 2322 pro
717 2242 835 2300 lurnma
867 2247 921 2298 tua
949 2258 983 2301 ac
1006 2260 1109 2324 prope

100 2320 214 2385 divina
235 2323 411 2412 sapientia,
445 2324 624 2411 imponens
667 2319 799 2384 Factum
821 2320 883 2384 hoc
903 2333 996 2387 tuum
1015 2345 1111 2404 egra-

98 2409 190 2488 gium
211 2430 246 2471 ac
266 2409 421 2488 lingulaca
442 2408 587 2472 omnium
616 2409 761 2469 lermone
782 2418 938 2493 perpetuo
969 2409 1112 2486 celebra-

99 2494 208 2570 bitur,
242 2513 346 2581 neque
367 2494 434 2555 ulla
453 2505 605 2578 umquam
628 2495 716 2568 natae
740 2492 779 2554 de
805 2495 869 2554 tuis
889 2493 943 2554 his
963 2496 1111 2559 laudibus

98 2578 296 2641 conticescet.
360 2576 449 2660 Quid
486 2578 526 2640 de
553 2576 648 2642 robis
675 2576 798 2665 dicam,
837 2589 945 2662 patrea
976 2579 1114 2645 lanctill'.

99 2686 193 2754 quam
216 2666 296 2729 bene
317 2660 358 2725 de
378 2662 555 2726 Christiana
582 2663 715 2748 republ.v
734 2660 844 2727 vellria
860 2663 927 2725 ‘hia
954 2665 1113 2750 praelian-

97 2749 228 2813 tillimia
258 2747 438 2814 actionibus
466 2747 641 2812 meruillisl
684 2744 812 2828 Quanta
843 2749 975 2812 restrum
999 2753 1114 2815 unius-

100 2835 249 2922 cujusque
269 2835 398 2898 nomini
428 2832 680 2908 commendatio,
713 2843 828 2920 quanta
843 2835 954 2914 gloria
974 2856 992 2896 a
1013 2833 1113 2898 Chri·

100 2917 198 2982 stiano
231 2920 354 3006 populo
388 2921 539 2983 universo
563 2919 739 2980 tribuetur!
792 2918 865 2982 Voa'
896 2938 973 2980 rare
993 2930 1110 3004 patrea,
1207 2944 1210 2949 ’

100 3022 177 3067 vere
206 3004 342 3089 pallores
373 3016 406 3068 et
436 3009 607 3085 agnoscent
640 3023 769 3079 ornnes,
804 3013 837 3066 et
866 3002 1111 3088 praedicabunt:
1232 3019 1237 3044 ¹

100 3088 196 3151 vobin
218 3088 304 3152 luam
327 3093 546 3177 unusquisque
565 3090 666 3151 vitam
690 3101 782 3174 atque
800 3087 931 3150 talarem
951 3102 1120 3174 accepta-n·

99 3173 306 3238 libentilfirue
327 3170 455 3238 releret.
504 3171 531 3236 Ο
554 3174 639 3237 diem
661 3173 751 3235 illam
773 3174 904 3262 populis
926 3173 1040 3236 nostrie
1061 3175 1113 3258 ju-

101 3259 320 3323 cundiffimam
349 3272 441 3351 atquo
470 3259 692 3335 laatillimam‚
722 3261 758 3321 in
779 3279 839 3344 qua
861 3259 1002 3343 primum
1021 3258 1113 3322 reri·

101 3348 169 3406 lere
188 3345 258 3407 illis
278 3363 339 3406 noa
350 3390 359 3420 ,
390 3357 483 3432 atqua
514 3342 665 3429 amplecti
692 3363 711 3405 a
731 3344 846 3429 templi
866 3342 1002 3407 Domini
1021 3343 1112 3410 aedi-

101 3428 251 3493 ficatione
272 3427 437 3492 redeuntes
459 3429 647 3509 contigerit!
939 3452 942 3457 ·
1171 3510 1175 3515 Ι

96 3536 99 3545 ·
168 3512 229 3575 Sa'd
252 3509 317 3591 lac,
348 3526 383 3576 tu
400 3514 541 3579 Domine
562 3513 649 3577 Deua
680 3513 802 3588 noller,
831 3522 866 3575 ut
887 3523 950 3576 tam
973 3512 1113 3580 eximiae

104 3594 144 3658 de
166 3598 266 3660 nobia'
282 3598 434 3685 opinioni
452 3599 592 3681 egregiis
608 3597 701 3661 sactis
723 3598 987 3683 respondeamua3
1001 3612 1041 3663 et
1060 3604 1112 3663 le-

104 3703 181 3746 rnen
207 3683 404 3768 hoc‚'quod
438 3687 474 3746 in
505 3706 581 3765 agro
616 3696 672 3746 tuo
703 3685 950 3760 seminavimus,
981 3688 1111 3746 aberam

104 3763 248 3832 fructom'
264 3767 390 3841 afferat,
408 3770 549 3856 fluatque
571 3779 606 3831 ut
627 3790 682 3833 ros
699 3770 864 3853 eloquium
886 3781 986 3845 tauro,
1007 3779 1111 3858 atque,

105 3852 192 3938 quod
211 3847 282 3916 lore
304 3853 472 3940 aliquando
495 3856 733 3942 pollicitans,
753 3856 811 3919 fiat
830 3855 1028 3940 temporibus
1048 3875 1112 3920 no-

104 3940 184 4022 strie,
205 3950 241 4016 ut
260 3959 360 4004 unum
378 3940 417 4004 fit
430 3939 575 4009 omnium
597 3939 697 4020 ovile,
724 3951 757 4013 at
778 3959 860 4005 unua
881 3939 993 4031 patior,
1015 3948 1110 4028 atqua
