2528 4522
240 302 243 307 .
352 238 551 316 Decretum
576 237 622 307 de
642 236 912 312 reformatione.
1091 257 1139 324 41

536 419 615 486 Car.
635 416 735 486 XIII.

121 541 178 627 [A
208 562 420 632 quocumque
450 536 670 628 praesentati
703 558 771 601 non
808 535 1040 614 instituantur
1064 541 1143 630 stne

118 627 266 718 praevio
290 625 450 695 examine
472 621 717 792 ‘'rdffliiffei
734 621 997 710 approbatione,
1036 629 1141 694 caruis

618 730 702 795 Pl&

186 828 403 908 Praesentati,
423 834 475 895 seu
500 830 614 906 electi,
648 830 701 892 vel
727 827 889 891 nominati
907 827 950 909 15)
973 831 1141 917 quibusvis
1209 816 1215 829 ¹

122 916 336 981 ecclesiasticis
358 918 522 1003 personis,
555 918 651 980 etiam
682 915 767 980 sedis
795 914 984 1000 apotolicae
1003 912 1149 1002 nuntiis,

122 1002 162 1067 ad
210 1006 321 1066 naevis
342 1004 538 1067 ecclesiastica
555 1003 708 1066 beneficia
725 1022 792 1063 non
808 1001 1020 1080 instituentur,
1040 1015 1072 1083 ¹¹)
1085 1031 1143 1072 nec

122 1025 375 1166 construentur,
398 1112 501 1177 neque
523 1089 749 1162 admittantur,
772 1087 868 1148 etiarn
891 1100 1058 1171 praetestu
1084 1116 1143 1157 cu-

121 1175 230 1259 jusvis
253 1174 439 1259 privilegii,
470 1181 523 1239 seu
548 1170 810 1246 consuetudinis,
847 1173 944 1235 etiam
965 1176 1003 1236 ab
1023 1177 1143 1244 imme-

121 1261 278 1332 morabili
297 1271 443 1346 tempore
463 1261 695 1347 praescriptae,
716 1257 776 1320 nisi
794 1252 917 1321 fuerint
938 1261 1028 1345 prius
1048 1286 1066 1326 a
1087 1267 1143 1330 lo-

122 1367 236 1410 corum
268 1346 443 1409 ordinariis
469 1346 669 1422 examinati,
701 1357 733 1405 et
762 1342 875 1405 idonei
907 1349 1038 1429 reperti.
1101 1350 1144 1415 Et

121 1433 235 1495 nullus
253 1432 484 1517 appellationis
506 1431 648 1493 remedio
679 1433 712 1492 ss
736 1429 819 1488 tueri
848 1429 960 1512 possit,
991 1454 1053 1517 quo
1076 1440 1145 1499 mi.

121 1538 185 1580 nus
223 1538 360 1580 examen
390 1518 495 1581 subire
525 1527 682 1580 tencatur.
735 1511 990 1590 ⁰)Praet'entatis
1025 1533 1143 1600 tamen,

122 1604 254 1677 electis,
283 1606 336 1665 seu
357 1603 535 1665 nominatis
554 1604 593 1663 ab
615 1597 891 1678 universitatibus,
919 1605 973 1665 seu
995 1608 1167 1690 collegiis·

124 1689 327 1771 generalium
347 1687 521 1752 studiorum
544 1686 701 1773 exceptis.

532 1890 612 1957 Gne.
635 1889 737 1961 XIV.

124 2011 324 2097 [Quaenam
346 2009 474 2099 causae
502 2007 622 2076 civiles
644 2019 882 2097 exemplorum
910 2008 953 2076 ab
975 2004 1169 2103 ‘episcopis'

473 2094 635 2182 cognosci
651 2094 805 2184 poffint.]

184 2212 227 2281 Iu
250 2225 475 2301 exemptarum
498 2217 595 2279 caulis
624 2212 804 2279 constitutio
825 2215 1009 2280 Innocentii
1029 2217 1092 2283 IV.
1103 2227 1147 2303 e),

126 2323 206 2390 quaa
227 2301 367 2385 incipit,
405 2297 441 2365 V
442 2297 588 2376 olentes,
620 2302 656 2362 in
684 2303 829 2379 generali
857 2304 1148 2386 concilioLugdu-

127 2388 215 2451 nenli
236 2387 341 2462 edita,
372 2388 535 2446 servetur:
569 2407 663 2470 quarn
693 2385 803 2447 eadem
823 2389 1015 2450 sacrolisncta
1048 2397 1148 2472 syna·

128 2473 185 2536 dus
208 2470 429 2534 innovandam
455 2470 595 2542 censuit,
618 2484 649 2532 st
671 2471 824 2547 innovat3
846 2471 991 2534 addendo
1006 2477 1147 2564 insuper,

129 2558 211 2645 quod
247 2560 283 2620 in
316 2557 469 2619 civilibus
500 2557 594 2616 caulis
619 2555 819 2632 mercedum,
857 2568 889 2619 et
913 2560 1147 2629 miserabilium

129 2648 356 2730 personarum,
404 2641 513 2702 clerici
543 2644 732 2717 saeculares,
768 2653 822 2703 aut
860 2646 1023 2724 regulares
1055 2662 1147 2713 extra

130 2729 350 2792 rnonasteriurn
378 2725 548 2810 degentes,
581 2727 824 2812 quomodolibet
852 2733 1014 2814 exernpti,
1048 2737 1147 2800 etiam

130 2815 151 2877 fi
178 2828 301 2877 certum
330 2812 483 2896 judicem,
515 2833 533 2873 a
563 2813 636 2875 sede
668 2812 839 2897 apostolica
871 2815 1078 2900 deputatum,
1110 2824 1148 2886 in

131 2902 273 3046 partibus
294 2899 450 2975 habeant,
471 2900 507 2960 in
529 2897 605 2960 aliis
629 2919 730 2974 vero,
751 2900 775 2959 li
795 2900 898 2985 ipsum
921 2901 1057 2984 judicem
1079 2929 1148 2971 non

153 2987 320 3061 abuerint,
342 3005 449 3047 coram
471 2986 615 3047 locorum
638 2985 823 3061 ordinariis,
844 2996 1004 3073 tamquam
1027 2991 1060 3051 in
1085 2992 1147 3054 boc

132 3071 256 3156 abipsa
277 3068 411 3149 sad014)
437 3070 611 3153 delegatis,
635 3072 815 3145 conveniri,
837 3083 868 3132 et
888 3072 957 3154 jure
978 3074 1147 3159 medi015)

123 3156 168 3225 ¹ud
189 3155 382 3222 solvendum
405 3155 548 3218 debitum
571 3156 664 3236 cogi,
688 3169 718 3218 et
742 3158 895 3240 compelli
918 3159 1052 3242 possint:
1075 3168 1148 3249 pri-

133 3243 281 3324 vilegiis,
301 3243 574 3327 exemptionibus,
597 3247 855 3305 conservatorum
878 3242 1148 3328 deputationibus,

136 3340 164 3391 st
184 3350 299 3393 eorum
319 3329 573 3392 inhibitionibus
593 3329 743 3392 adversus
760 3324 929 3414 praemissa
949 3352 1147 3423 nequaquam

136 3414 299 3479 valituris.

75 3576 77 3585 Ι
136 3548 584 3577 μώ-

168 3637 219 3702 13)
238 3653 256 3688 a
273 3632 337 3691 odd.
363 3635 399 3688 R.
427 3632 507 3697 Vct„
531 3630 628 3689 Hord,
658 3630 705 3688 Ve.
728 3660 764 3671 -
808 3633 889 3700 μοι
915 3632 977 3688 sede
1002 3634 1150 3705 apostolica

174 3707 269 3772 Vird,
286 3705 380 3756 libem.
397 3731 433 3746 -
469 3705 515 3769 15)
534 3708 565 3757 in
581 3703 703 3757 remedio
718 3721 769 3773 pro
786 3705 839 3773 jur.
859 3706 929 3759 med.
947 3708 1020 3761 saed.

171 3816 251 3869 vlu.
276 3809 359 3868 consi.
377 3815 466 3880 „Cam
490 3829 523 3863 ex
540 3820 595 3863 ου’)
619 3827 643 3861 c.
660 3829 685 3866 a.
712 3818 791 3874 1299.
809 3812 898 3879 (Sexti
916 3815 998 3867 Decr-
1017 3814 1047 3867 L.
1066 3815 1087 3867 l.
1108 3817 1151 3872 tit.

173 3887 225 3939 vt.
244 3902 306 3951 cap.
323 3884 379 3951 34).
396 3913 432 3925 -
467 3884 497 3951 n)
515 3881 583 3937 sets.
601 3883 696 3936 XXV.
722 3885 756 3938 de
785 3884 1021 3951 reformemus).
1041 3912 1077 3924 -
1122 3888 1151 3953 o)

74 4038 76 4045 Ι
177 3954 245 4015 sest
262 3957 373 4013 XXIV.
397 3957 431 4010 de
456 3956 732 4016 resorru.c.'18.-
779 3957 810 4025 p)
838 3959 932 4012 luuoc.
950 3956 1000 4011 tv,
1026 3960 1055 4008 in
1073 3973 1151 4018 corio.
