2528 4522
398 199 505 320 Bulla
529 255 683 328 moret.
705 247 866 345 privileg.
1056 264 1130 337 241

123 424 238 508 vendi,
259 436 292 495 et
311 448 329 491 a
349 427 519 516 quibusvis
542 427 689 515 personis
703 427 833 495 idoneis
846 449 908 516 pro
928 427 1036 518 pretio
1050 452 1132 500 con-

121 513 270 580 venienti
290 513 376 591 erui,
410 515 577 589 liberast
597 516 686 579 licite
709 514 799 603 polle
819 520 1008 581 auctoritate
1029 518 1132 585 uollra

75 622 79 631 ·
121 612 249 681 curent,
281 601 449 677 nuncient,
475 598 655 665 'decernant
683 621 719 664 ac
740 600 919 681 declarent,
951 606 1049 689 prout
1070 625 1132 671 noa

122 687 237 755 harum
266 686 348 749 serie
380 683 582 763 nunciamus,
616 683 837 764 decernimus,
870 697 903 751 et
926 685 1133 757 declaramus.

121 772 202 836 Nou
216 771 407 835 obstantibus
429 769 596 857 quibusvis
617 772 916 852 constitutionibus,
932 783 979 836 et
999 773 1132 837 ordina-

121 857 266 923 tionibus
284 854 485 941 apostolicis,
520 877 555 920 ac
582 858 871 943 poenitentiarius,
903 867 937 922 et
956 859 1133 940 curiarum3
1223 852 1228 863 ’

121 964 181 1006 nec
202 964 270 1005 non
290 942 497 1004 tribunalium
518 943 755 1028 praedictorum
782 942 923 1022 llatutis,
944 955 1015 1007 etc.
1034 944 1134 1009 etiarn

85 1072 88 1077 ·
120 1028 318 1112 juramento,
337 1036 398 1090 etc.
419 1026 598 1103 roboratis,
619 1027 805 1116 privilegiis
825 1049 964 1116 quoque,
985 1028 1134 1104 indultis,

121 1124 156 1176 et
183 1113 305 1176 litteris
335 1110 531 1198 apostolicis,
563 1114 655 1191 illis,
690 1135 727 1178 ac
757 1113 853 1177 dictis
883 1112 1072 1178 officialibus
1100 1128 1135 1179 et
1231 1150 1256 1166 -·

120 1196 333 1261 tribunalibus
352 1199 408 1260 sub
429 1198 677 1286 quibuscumque
692 1200 876 1278 tenoribus,
902 1209 934 1262 et
954 1193 1082 1279 formis,
1098 1221 1135 1263 ac

120 1304 195 1346 cum
216 1281 384 1370 quibusvis
402 1283 552 1346 clausulis
574 1294 606 1346 et
627 1284 774 1361 decretis,
795 1284 894 1348 etiam
915 1294 1006 1347 motu
1025 1284 1134 1362 simili,

120 1379 183 1431 etc.
207 1380 243 1437 et,
260 1369 341 1431 aliae
362 1366 660 1456 quomodocumque
680 1369 849 1446 concessis,
880 1382 939 1432 etc.
1002 1363 1135 1452 Quibus

122 1453 292 1531 omnibus,
315 1464 375 1516 etc.
394 1453 530 1515 illorum
548 1463 695 1533 tenores,
721 1454 791 1519 etc.
815 1455 875 1518 hac
894 1455 966 1517 sice
986 1455 1135 1518 latissime

122 1537 330 1620 derogamus,
365 1557 465 1625 eaque
491 1535 639 1603 adversus
672 1537 841 1627 praemilla
862 1541 1046 1604 nullatenus
1065 1534 1137 1602 sul·

121 1618 242 1706 fragani
270 1624 439 1701 volumus:
470 1624 646 1710 ceterisque
675 1625 848 1690 contrariis
876 1625 1136 1715 quibuscumque·

336 1716 337 1721 ’
421 1705 532 1772 Placet
550 1721 642 1774 motu
662 1710 799 1800 propria
825 1707 855 1776 l.
1008 1729 1012 1735 '

184 1786 306 1855 Datum
328 1786 451 1856 Rornae
471 1791 556 1881 apud
583 1798 727 1862 sanctum
747 1796 910 1880 Marcum,
937 1804 1050 1886 quarto
1071 1814 1137 1860 nc-

122 1894 182 1939 uas
201 1871 352 1959 Augufli,
373 1892 467 1942 anuo*
480 1879 607 1967 quinto.

101 2084 352 2189 *nunus
383 2116 418 2187 s.
441 2116 498 2227 n.
530 2115 579 2192 Ν.
602 2115 651 2188 n.
679 2113 780 2189 1³11
811 2111 1030 2190 nurse
1054 2113 1137 2191 rr.

230 2349 232 2354 Ι
276 2259 605 2332 REVOOATORIA
625 2263 987 2345 I'RlVILEGIORUltI,

122 2433 397 2524 exemptionum,
418 2435 705 2517 immunitatum,
726 2435 968 2528 facultatum,
999 2436 1142 2522 causer-

123 2520 359 2602 vatore'urum,
394 2519 629 2603 indultorum,
670 2521 982 2614 coufaffionulim
1023 2523 1142 2590 Maris

125 2604 268 2694 magui,
300 2615 335 2669 et
366 2604 522 2681 aliarum
553 2629 845 2696 quarumcumque
854 2604 1031 2706 stmilium
1048 2629 1141 2696 gra·

126 2691 272 2769 siarum,
292 2688 559 2789 quibuscumque
581 2690 665 2757 locis
677 2703 711 2758 et
747 2683 1142 2781 crsouascoucsffurum3

83 2847 88 2862 ἱ
126 2774 164 2841 iu
177 2773 262 2855 fiis,
292 2798 331 2840 m
352 2771 476 2863 quibus
487 2774 637 2865 statutis
658 2786 693 2842 et
738 2776 861 2842 erretis
880 2775 979 2859 fuori
1000 2773 1143 2843 concilii

386 2857 591 2924 llidentim'
610 2861 888 2926 contruduntur.
993 2916 996 2921 .

130 3010 251 3081 Pius
272 3011 540 3103 Episcopus,
558 3012 681 3113 ferque
693 3015 879 3114 servurum
890 3013 971 3095 Dei,
992 3010 1042 3079 od
1058 3031 1144 3102 per·
1210 2996 1217 3004 ⁸

411 3109 556 3187 petuam
577 3121 628 3164 ree
649 3120 861 3166 numerium.

149 3202 153 3213 ⁵
189 3216 231 3283 Iu
252 3217 411 3305 principis
429 3212 659 3304 Apostolorum
687 3217 781 3296 sede,
817 3216 945 3282 meritis
972 3213 1050 3281 lieet
1075 3210 1144 3279 im·

129 3304 279 3392 paribus,
312 3305 425 3367 divina
459 3303 671 3390 dispositione
700 3303 880 3382 constituti,
919 3300 1007 3367 nihil
1038 3317 1144 3388 nequ!

128 3388 306 3454 universali
327 3389 489 3466 ecclesiae,
509 3409 601 3452 curae
623 3400 656 3452 et
676 3387 891 3452 sollicitudini
910 3388 1033 3452 nostrae
1053 3404 1145 3451 cotu-

129 3473 252 3552 anillae,
271 3476 440 3550 salubrius,
461 3493 564 3559 neque
585 3474 727 3557 injuncto
749 3473 845 3538 nobis
866 3470 1145 3559 apostolicaeser-

130 3561 248 3624 vitetis
269 3559 376 3623 officio
399 3557 563 3623 decentius
583 3558 735 3644 praeliare
747 3556 924 3644 possumus,
943 3578 1036 3645 qoam
1052 3552 1144 3700 ‘quad

154 3645 357 3709 rovidsntiae
377 3644 497 3706 nolirae
518 3644 692 3707 ministerio
716 3646 952 3709 oecumenicum
972 3663 1063 3710 coum
1078 3641 1145 3702 ium

129 3668 384 3807 iridentinum,
416 3728 491 3790 ficut
511 3727 625 3792 nostris
645 3729 844 3814 potissimum
865 3729 1039 3817 auspiciis,
1057 3728 1147 3787 lurn-
1214 3769 1217 3773 .

132 3836 248 3903 unaque
277 3816 456 3880 sanctorum
477 3825 605 3897 patrum
633 3816 824 3891 concordia,
854 3835 914 3902 par
935 3813 998 3878 Dei
1019 3806 1147 3873 miseri-

133 3903 276 3963 cordiam
307 3894 447 3963 feliciter
477 3898 654 3965 ablolutum
673 3894 759 3963 fuit:
790 3902 853 3978 ita,
881 3921 941 3985 per
969 3895 1147 3968 universos,

218 3997 266 4068 11.
875 3998 910 4084 Q
