2528 4522
158 260 232 330 148
299 245 391 340 App.
415 244 441 313 l.
466 244 513 312 ed
538 242 674 309 Concil.
698 241 866 315 Tridenl.
919 245 1007 315 Seis.
1034 245 1173 320 XXIV.

158 432 333 512 diligenter
352 426 436 514 apud
457 422 490 491 le
508 425 670 503 cullodiat.
723 423 890 489 l'ollremo
912 429 1017 492 lencta
1038 429 1183 510 synodus

159 514 1008 667 {3³tntilli.3333033533323‘
1027 519 1185 687 diiii

276 672 281 677 .
995 645 1004 675 t
1167 637 1185 650 ·

161 701 228 752 catu
249 687 422 762 diligenter
443 687 666 758 confiteantur,
686 692 721 743 et
740 683 781 744 ad
801 684 1031 748 lenctillimum
1051 684 1184 750 Euche-

160 774 263 835 rilliee
281 772 507 834 sacramentum
525 771 580 853 pie
599 765 758 831 accedam.
815 769 853 830 Si
879 791 962 856 quae
991 774 1185 856 provinciae

160 860 253 932 aliie,
285 857 369 919 ultra
401 857 596 940 praedictae,
636 852 852 916 laudabilibus
885 857 1184 936 consuetudinibu3‚

161 955 194 1005 et
216 940 406 1004 ceremoniis
427 943 486 1002 huc
505 942 540 1001 in
561 960 599 1000 re
622 948 778 1015 utuntur.
810 959 866 1002 cea
883 943 1021 1004 omnino
1045 945 1185 1006 retineri

160 1029 261 1091 leucte
283 1026 424 1107 synodus
447 1027 655 1088 vehementer
676 1034 780 1129 optat.
836 1024 882 1087 tte
910 1048 992 1089 vero
1016 1028 1094 1092 haec
1117 1041 1186 1094 tem

84 1174 90 1180 .
112 1171 121 1179 ,
160 1113 295 1177 lelubria
316 1120 484 1198 praecepta
503 1130 693 1196 quemquem
713 1110 852 1187 lateant,
873 1111 1053 1175 ordinariis
1075 1118 1187 1178 cinni-

163 1202 221 1261 bus
240 1199 416 1284 praecipit,
435 1209 490 1272 ut,
519 1216 612 1281 quern
627 1191 658 1269 ⁵>
676 1194 820 1278 primurn
842 1198 990 1281 poterint
1003 1194 1051 1276 6)‚
1073 1212 1185 1265 curent

164 1285 226 1348 hoc
251 1285 412 1346 decretum
432 1283 553 1368 populo
574 1280 750 1367 publicari,
777 1300 814 1342 ac
835 1283 997 1368 explicari
1019 1287 1056 1348 in
1077 1288 1187 1366 fingu-

164 1372 207 1431 lia
237 1369 361 1431 luarum
394 1367 573 1430 dioecesum
609 1365 849 1450 parochialibus
883 1370 1046 1435 ecclefiis=
1087 1373 1186 1457 idque

164 1455 200 1517 in
234 1457 340 1539 primu
372 1475 457 1516 enno
486 1472 581 1537 quam
608 1451 786 1537 itepillime
817 1454 888 1517 fiat.
954 1453 1083 1518 Deinde
1105 1478 1185 1521 vero

164 1542 293 1625 quotics
313 1539 469 1624 expedire
490 1534 647 1600 viderint.
700 1534 856 1600 Decernit
876 1538 1028 1625 iusuper.
1063 1552 1098 1603 ut
1120 1543 1186 1604 hu-

164 1626 303 1707 jusmodi
325 1625 486 1685 decretum
508 1622 542 1682 in
565 1643 753 1707 unaquaque
782 1625 938 1707 parochie
965 1630 1056 1689 luum
1086 1629 1186 1689 robur

164 1709 233 1793 poll
252 1698 384 1788 triginta
403 1708 473 1768 dies
501 1708 619 1768 habere
646 1708 710 1769 inci
738 1708 783 1769 iat
808 1730 826 1768 a
847 1711 902 1772 die
924 1711 1048 1795 primae
1075 1714 1190 1799 publi·

166 1795 322 1871 cationis,
343 1794 378 1856 in
400 1792 509 1855 eadem
532 1792 686 1877 parochie
704 1728 826 1872 lictae,
846 1795 1077 1871 uetuereudoe.
1205 1803 1209 1808 '

600 1953 681 2020 Gar.
702 1954 746 2019 II.

217 2070 333 2167 [later
355 2096 437 2161 quoe
459 2073 621 2160 cognatio
634 2073 849 2163 spiritimlia
871 2079 1128 2163 contradatur]

230 2210 263 2288 ²)
274 2205 376 2269 Docet
396 2203 615 2288 experientia,
638 2204 779 2290 ‘proptor
808 2206 1051 2271 multitudinem
1070 2211 1189 2294 prohi-

171 2292 351 2368 bitionum,
385 2291 552 2353 multoties
585 2291 621 2353 iu
648 2291 766 2353 cadius
794 2294 973 2376 prohibitio
1001 2295 1190 2376 ignoranter

170 2379 320 2444 contrahi
342 2376 561 2451 inatritnonia‚
583 2377 754 2460 inquibus
779 2380 834 2440 vel
854 2398 923 2441 non
944 2377 1051 2459 ⁷)liue
1072 2403 1189 2461 magno
1240 2428 1246 2454 ,

173 2476 301 2550 peccato
326 2467 571 2549 perseveratum
591 2462 645 2526 vel
665 2482 701 2522 ee
724 2484 790 2524 non
815 2464 881 2527 line
901 2486 1019 2545 magno
1042 2468 1188 2529 icendelo
1230 2526 1237 2533 .

172 2553 380 2613 dirimuntur.
423 2545 550 2608 Volens
565 2547 673 2632 itaque
689 2549 794 2609 lancta
808 2549 950 2630 lynodua
969 2551 1044 2612 huic
1060 2550 1188 2614 inc'orn-

174 2634 272 2699 modo
295 2629 483 2721 providere,
515 2643 549 2692 et
580 2653 598 2692 a
619 2633 823 2710 cognationis
844 2636 1023 2719 spiritualia
1046 2636 1189 2722 impedi-

175 2733 283 2785 mento
305 2718 476 2802 incipiens,
498 2716 617 2792 detuit,
637 2729 672 2778 ut
697 2739 777 2779 unus
800 2731 924 2783 tentum
943 2721 1010 2784 five
1034 2722 1103 2797 vir,
1124 2724 1189 2786 live

175 2810 293 2871 mulier
321 2807 408 2889 juxta
442 2807 603 2866 lucrorum
632 2801 832 2886 ⁸)ceuonum
862 2806 1023 2876 institute.
1061 2809 1117 2870 vel
1149 2807 1188 2869 ed

69 2892 77 2908 ”
178 2899 335 2957 luminum
367 2910 465 2966 ottus,
498 2899 531 2951 et
565 2909 625 2952 una
656 2891 851 2975 baptizatum
877 2891 917 2953 de
940 2890 1097 2978 beptilt'no
1119 2899 1190 2958 lus·

176 2980 317 3064 cipiunt3
338 2979 423 3040 inter
444 2997 527 3060 quoe
549 2997 583 3038 ec
604 2976 795 3059 baptizatum
819 2979 938 3061 ipsum,
960 2992 993 3040 et
1015 2979 1108 3041 illiue
1131 3002 1190 3065 pa-

146 3126 151 3135 ,
176 3076 268 3142 trem,
290 3077 323 3127 et
343 3072 489 3137 matrem,
509 3083 568 3125 nec
589 3083 656 3124 non
676 3061 762 3123 inter
784 3063 1008 3147 baptizantem,
1030 3077 1063 3127 et
1083 3066 1192 3151 bapti-

89 3146 94 3169 '
179 3162 302 3227 zetum,
323 3148 536 3234 baptizatique
555 3160 697 3235 petrem,
723 3168 758 3210 ec
780 3159 915 3211 tnotrem
935 3160 1060 3214 tentum
1080 3150 1192 3238 b)l'pi-

184 3287 624 3309 Μ

216 3363 245 3431 5)
264 3382 327 3418 cum
344 3366 412 3432 Ru,
436 3368 529 3430 Rom„
554 3367 588 3422 R.
609 3358 689 3423 Vct..
713 3367 787 3418 Rom.
806 3364 859 3428 M„
888 3365 969 3423 Vern,
992 3367 1098 3426 Hor-cl..
1115 3369 1194 3440 ctis..

219 3437 266 3489 Vc.
285 3438 333 3475 -“
366 3439 394 3501 6)
413 3442 555 3504 potuerint
572 3435 669 3503 Horat„
687 3435 776 3508 Oltif.‚·
797 3446 926 3504 poterunt
948 3440 995 3491 Vc.
1015 3468 1063 3511 -Ι
1087 3443 1117 3510 7)
1137 3460 1192 3495 nnn

217 3524 267 3561 om.
289 3509 353 3559 Ven.
369 3519 397 3558 ct
419 3510 466 3563 Vc.
839 3548 843 3556 .

218 3579 246 3643 z)
267 3579 428 3632 Declaratur
457 3579 511 3630 hoc
529 3596 588 3647 cup.
613 3577 688 3631 bulla
706 3576 750 3630 Pii
769 3581 803 3630 Υ.
840 3581 905 3630 Cum
922 3578 997 3632 itlius
1013 3582 1096 3634 vicem
1115 3588 1193 3642 1566.

218 3674 253 3688 -—
286 3651 312 3714 a)
331 3650 454 3704 Gratieu.
480 3651 562 3704 Dect.
584 3651 616 3703 P.
631 3652 684 3703 lll-
702 3645 759 3700 dist.
778 3656 804 3708 1.
832 3667 856 3704 c.
875 3659 936 3710 101.
960 3653 1023 3707 coll.
1047 3655 1193 3707 Walalrid.

219 3717 350 3774 Strabou.
360 3739 384 3774 c.
397 3727 440 3781 26.
457 3721 491 3774 de
508 3717 650 3775 eccleliell.
666 3716 742 3771 offic.
753 3720 870 3790 Gregor.
890 3723 973 3791 Dect..
989 3724 1018 3778 L.
1030 3727 1075 3779 tv.
1093 3731 1134 3780 tit.
1150 3735 1193 3783 11.

220 3809 244 3846 c.
261 3798 288 3853 6.
306 3790 385 3844 Sexti
404 3793 486 3864 Dect.
512 3793 542 3845 Ι..
562 3794 611 3847 Ν.
638 3797 680 3845 tit.
698 3798 725 3850 3·
753 3808 776 3845 c.
792 3799 818 3852 3.
838 3821 873 3830 -
928 3793 956 3858 b)
973 3795 1096 3853 Gratieu.
1113 3798 1194 3851 Dect.

219 3863 251 3918 P.
271 3865 304 3917 tt.
323 3853 396 3914 catil.
420 3869 463 3922 30.
482 3880 529 3932 qu.
547 3871 573 3924 3.
601 3880 625 3915 c.
648 3870 676 3922 2.
700 3867 726 3919 d.
754 3869 780 3922 7.
799 3863 916 3931 Gregor.
936 3866 1017 3920 [lucr.
1035 3868 1066 3921 L·
1083 3868 1133 3922 tv.
1152 3873 1193 3919 tit.

221 3944 266 3995 11.
282 3951 306 3989 c.
324 3942 350 3994 1.
369 3950 392 3985 c.
410 3940 429 3993 3
447 3932 484 4002 lq.
520 3932 599 3988 Sexti
616 3935 697 3987 Decr-
715 3932 743 3986 L.
764 3936 811 3989 tv.
831 3939 873 3988 tit.
892 3943 917 3995 3.
937 3952 961 3991 c.
983 3945 1008 3996 1.

115 4208 243 4248 A
