2528 4522
182 270 258 355 ott
401 210 621 357 epyrum.
634 254 771 330 cunm
789 253 959 331 unum.

184 443 256 509 uim
276 464 349 509 eum
369 439 433 504 duo
454 439 562 515 effenb
583 439 621 516 in
641 440 757 528 putto·
790 439 895 522 aegris
925 451 1020 527 utque
1052 435 1193 502 infirmie

184 531 319 593 illorum
340 524 635 623 epirniqrpedipinu
648 522 718 607 1suit
737 525 934 607 redhibendo:
960 528 1094 588 alterum
1117 524 1196 587 fidei

186 596 537 684 entholioed'sbe'iete
556 596 779 693 evirtig'elieee,
810 614 881 675 illis
914 612 950 674 in
968 610 1081 684 rebus,
1113 630 1197 695 quoe

189 700 226 764 in
249 699 379 762 dubium
399 697 531 783 ebtipfle
546 710 722 775 nocentur,
755 717 898 785 quaeque
926 707 1105 781 opportune
1139 695 1197 757 hie

187 782 615 879 ternppribuectnfflorentun
635 785 796 868 explicate
817 797 849 848 et
871 784 1073 856 confirmate,
1095 778 1199 863 disje-

183 871 244 933 ctis
265 869 413 932 omnibus
435 889 469 930 ec
490 868 648 953 ᾁῂῐῌραῐίε
670 890 817 951 errorum
845 867 1003 944 tenebris,
1034 864 1196 927 doctrine:

184 956 322 1018 alterum
345 944 534 1038 disciplinae
556 952 785 1037 ecclofieflicoe‚
814 955 900 1036 cujus
920 951 1114 1037 potisfimum
1137 950 1199 1011 de-

183 1034 374 1125 provetioite
395 1040 447 1102 itti
467 1043 499 1103 se
513 1047 538 1100 'o
556 1040 649 1102 nobie
668 1035 817 1102 deieciffe
838 1038 1006 1112 affirment,
1023 1036 1197 1098 restitutio:

183 1136 371 1212 utrumque,
395 1135 546 1213 quantum
568 1124 605 1186 in
625 1125 721 1188 nobie
744 1119 828 1202 tuit,
849 1146 910 1211 pro
932 1137 1114 1207 temporum
1134 1122 1199 1184 ho-

183 1229 255 1273 rum
278 1210 422 1286 ratione,
443 1206 845 1295 cumuletepreeliitiruue.
894 1256 899 1266 ,

218 1338 221 1345 ·
247 1294 412 1381 Principio
435 1296 523 1381 enim
541 1300 656 1371 ,tenete
670 1295 750 1359 hoec
770 1291 910 1376 synodus
928 1284 1036 1376 (fecte,
1062 1309 1103 1352 ex
1126 1290 1199 1350 lou-

184 1370 287 1442 debiti·
320 1378 476 1463 mejor'uru
515 1378 691 1455 'nostrorum
716 1375 975 1452 ¹consuetudine,
1012 1378 1084 1438 suee
1120 1373 1200 1437 fidei

184 1462 395 1551 professique)
427 1476 460 1528 ut
489 1460 652 1552 quoddam
687 1467 771 1553 quefi
808 1460 1049 1527 fundamentum
1081 1456 1199 1522 futuris

184 1551 364 1615 actionibus
381 1552 550 1636 poneret,
573 1562 609 1635 et·
634 1551 753 1650 quibus
771 1547 961 1643 testimoniis
989 1557 1082 1631 etque
1103 1565 1200 1630 pree-

183 1632 277 1698 flutio·
291 1636 549 1713 in'dogmntibus
571 1635 751 1698 senerendis
783 1633 952 1698 nitendum
977 1630 1073 1706 estet,
1095 1631 1200 1693 oflen-

183 1717 282 1795 deret,
302 1722 424 1782 veteris
444 1714 777 1782 eonati-reflnnemi
798 1720 913 1794 libros,
935 1717 991 1804 qui
1012 1715 1113 1778 effent
1133 1717 1200 1778 fine

183 1802 711 1888 nile-dubitetionp·recipiendi,
748 1805 953 1891 antiquorum
985 1802 1199 1864 conciliorum

182 1890 479 1971 probetitfirnooutn
497 1890 671 1974 exemplo,
701 1888 755 1974 pie
786 1902 818 1953 et
840 1888 1012 1975 prudenter
1029 1904 1200 1949 enumere-

182 1972 251 2041 vit:
264 1993 346 2050 zee‚.
360 1994 401 2037 ne
415 1972 478 2035 ›de
492 1975 598 2037 verbis
620 1972 748 2060 quidem
770 1977 836 2037 ulle
858 1997 901 2038 ex
922 1973 1022 2036 veniis
1040 1968 1200 2035 verboni-

182 2056 240 2118 bue
271 2059 352 2121 oriri
382 2056 720 2142 poiiebtdiffioultoes
746 2072 865 2123 certem
893 2081 928 2122 ee
960 2058 1126 2121 definitum
1159 2057 1199 2119 de

182 2137 312 2206 Groeoie
334 2153 368 2208 et
388 2142 545 2207 Hebraeis
574 2146 820 2212 translationem
848 2143 1053 2231 approbavit.
1112 2142 1198 2205 Hinc

184 2228 329 2301 omniurn
351 2230 517 2293 haeresum
539 2242 633 2317 ceput
662 2244 758 2318 etque
790 2252 895 2295 ercem
915 2228 1128 2310 aggrediens,
1158 2226 1199 2291 de

182 2311 341 2377 burneuoe
360 2326 495 2380 neturee
513 2318 678 2400 'corruptis
699 2317 807 2382 initiis
828 2338 864 2380 eu
885 2316 1005 2386 statuit,
1039 2334 1119 2398 quae
1138 2333 1197 2376 ve-

181 2396 261 2460 ritur
282 2399 369 2484 ipse,
397 2402 421 2461 fi
444 2402 536 2486 loqui
564 2402 685 2487 pollet,
714 2404 921 2488 exprimeret.
981 2399 1031 2461 De
1052 2398 1198 2479 justifice-

181 2480 280 2545 tione.
294 2485 446 2569 deinceps
469 2488 535 2561 (ree
550 2508 682 2570 mogun,
712 2499 745 2551 et
771 2510 842 2551 cum
874 2485 1095 2569 abantiquis,
1128 2495 1196 2546 tum

182 2568 321 2631 anostri
341 2571 500 2654 temporit
515 2569 697 2634 -haereticis
726 2573 845 2636 mirum
874 2573 909 2633 in
935 2570 1068 2630 modum
1091 2591 1197 2654 oppu-

181 2651 295 2736 gnata)
325 2674 361 2716 eo
380 2653 566 2729 definivit,
597 2658 713 2741 quibus
740 2670 774 2720 et
807 2655 1078 2743 perniciotit'timie
1100 2675 1137 2716 eo
1160 2655 1195 2715 in

181 2757 302 2817 genere
321 2740 532 2825 opinionibus
549 2752 786 2819 oooumeretur3
807 2754 840 2806 et
862 2753 946 2803 recte
963 2739 1124 2803 sentiendi
1145 2760 1198 2799 re-

87 2826 92 2839 ‘
181 2822 231 2884 tiu
255 2824 339 2886 miro
369 2824 507 2911 quodem
537 2825 673 2905 ordine,
700 2839 795 2915 etque
824 2827 1007 2890 admirabili
1040 2824 1197 2909 sapientia

181 2909 232 2985 (ut
260 2909 301 2973 ·in
327 2905 397 2974 iltis
419 2908 482 2985 Dei
504 2910 526 2973 S
551 2911 663 2975 iritum
693 2908 789 2976 focile
817 2911 980 2993 agnosces)
1003 2909 1197 2972 demonstre-

181 3005 282 3059 retur.
333 2932 596 3060 Praestantisbino
627 2998 690 3061 hoo
717 2998 784 3081 post
813 2999 983 3060 hominum
1006 2996 1196 3057 memoriam

181 3077 309 3143 decreto
345 3081 494 3144 heerel'ee
512 3078 580 3146 sere
606 3084 771 3148 universae
790 3083 1000 3167 jugulentur·²
1029 3092 1080 3158 et,
1111 3081 1196 3166 qunti

182 3164 287 3244 eeIIgo
321 3167 407 3243 sole,
438 3166 655 3230 discutiuntur
685 3191 720 3231 eo
740 3170 977 3255 dispelluntur:
1009 3186 1107 3252 oeque
1129 3169 1197 3228 cln-

181 3246 285 3327 ritee‚·
302 3250 394 3337 ioque
415 3250 568 3336 ip'lendor
588 3254 736 3317 veritatis
756 3266 906 3340 apparet,
927 3263 976 3327 ut,
997 3262 1120 3314 tentum
1141 3252 1196 3312 lu-

181 3349 255 3395 men
272 3337 361 3424 ‘quint
380 3339 506 3415 videet,
528 3337 723 3402 diffimulere
745 3341 808 3423 jem
831 3361 926 3403 nemo
947 3338 1055 3422 pettit.
1112 3335 1195 3397 Sub-

159 3418 283 3487 tenore
303 3420 346 3482 ott
375 3424 520 3487 solutoris
548 3427 670 3509 septem
698 3424 886 3488 divinorum
917 3424 1061 3487 eccleliee
1093 3426 1196 3485 secre-

180 3512 364 3569 mentorum
389 3510 554 3571 treetetio:
587 3511 726 3595 primum
749 3512 839 3572 timul
862 3512 902 3573 de
924 3508 1092 3585 omnibus,
1129 3506 1195 3591 poli

181 3583 222 3648 de
243 3608 435 3678 unoquoque
455 3596 635 3680 seperatim.
691 3594 754 3658 Hic
790 3618 867 3659 vero
901 3595 973 3681 quie
1004 3615 1072 3656 non
1094 3592 1193 3669 videt,

181 3692 275 3758 quem
297 3672 456 3755 distinete,
478 3682 659 3766 explicate,
686 3680 897 3756 abundanter,
929 3680 1129 3754 illuminete,
1161 3689 1194 3741 et

182 3756 282 3844 (quod
304 3770 397 3843 ceput
417 3764 470 3842 on)
494 3769 655 3829 vere³totu
685 3768 863 3830 coelestium
886 3769 1002 3828 horum
1021 3763 1194 3847 mysterio-

184 3864 254 3904 rum
277 3845 359 3905 retio
381 3849 604 3913 eontinentur?
647 3848 734 3934 Quis
756 3856 791 3915 in
817 3865 880 3916 tem
894 3871 1007 3931 magne
1029 3849 1192 3931 multipli-
1241 3861 1243 3865 “

181 3927 274 4013 cique
296 3929 450 4012 doctrine,
472 3931 614 4020 quidout
632 3937 835 4025 sequendum,
857 3951 911 4002 eut
928 3933 1116 4018 fugiendum
1144 3935 1191 4010 fit,
