2528 4522
135 256 210 340 166
271 247 831 351 App.t·edconu1‚²rndcnc
880 248 964 320 teti.
984 247 1120 323 XXIV.

136 440 283 526 sibosque
301 436 496 509 obstinemt
514 445 611 520 atquo
631 453 669 499 ea
691 453 820 498 morum
835 429 1018 513 integritate
1038 433 1149 516 polle·
1183 432 1185 436 ’

137 537 212 601 ent,
243 536 280 587 ut
297 523 415 591 merito
443 521 588 586 ecclesiae
618 524 747 585 senatus
777 518 843 581 dici
869 519 976 604 possit.
1025 516 1148 592 Cetera,

136 633 219 697 quae
238 608 278 672 ad
300 608 443 672 debitum
469 608 507 673 in
536 604 799 687 divinisflofficiia
820 605 966 682 regimen
985 607 1149 688 spectant,

137 699 240 781 deque
261 715 398 774 congrua
417 695 454 756 in
476 692 530 754 hie
550 689 701 768 cenenili,
728 691 782 755 seu
802 688 990 752 modulandi
1013 690 1149 765 ratione,

137 781 277 843 decerto
295 780 368 862 lege
386 779 423 842 in
443 778 543 840 choro
565 775 792 852 conveniendi
813 787 847 838 et
866 774 1086 860 permanendi,
1108 776 1149 834 si-

135 867 267 951 mulque
288 865 328 928 de
349 864 498 931 omnibus
526 864 671 925 ecclcsiae
693 861 868 935 ministris,
907 881 986 948 quoe
1010 859 1151 921 necesse·

135 950 186 1014 ria
205 962 315 1029 erunt,
345 961 380 1014 et
399 950 424 1012 ti
446 970 507 1036 que
536 946 737 1030 hujusrnodi3
764 945 904 1027 synodus
926 946 1151 1030 provincialis,

135 1057 195 1123 pro
216 1036 366 1122 cujusque
387 1033 576 1120 provinciae
597 1034 758 1107 utilitate,
785 1043 819 1094 et
839 1031 1001 1107 moribus,
1032 1038 1149 1093 certain

134 1121 250 1208 cuique
272 1116 669 1206 formulampraescribct.
731 1114 858 1181 Interea
880 1137 957 1179 vero
980 1117 1150 1201 episcopus

135 1228 202 1269 non
225 1204 343 1283 minue,
365 1226 459 1293 quam
478 1227 551 1268 cum
569 1205 692 1268 duobus
710 1202 883 1282 canonicis,
905 1223 1042 1287 quorum
1068 1223 1150 1265 unns

134 1292 175 1353 ab
195 1292 358 1376 episcopo,
378 1292 461 1354 alter
480 1310 498 1353 a
518 1291 661 1375 capitulo
682 1289 832 1368 eligatur,
854 1286 893 1352 in
914 1288 969 1366 iio,
988 1308 1068 1373 quaa
1089 1309 1151 1351 ex-

135 1376 249 1463 pedire
269 1376 480 1453 videbuntur,
504 1376 627 1463 poterit
647 1373 832 1461 providere.
888 1386 892 1393 '

481 1584 484 1588 -
549 1531 628 1599 Ger.
649 1530 750 1600 XIII.

136 1634 331 1720 [Quomodo
350 1632 567 1701 tenuioribuo
586 1631 846 1700 cathedralibus
861 1634 1053 1722 ecclefiieet
1061 1661 1150 1727 por-

135 1719 245 1785 oobiie
269 1717 757 1868 consulendumrporocssp'lae
785 1719 891 1784 certis
906 1716 1041 1806 finibus
1073 1725 1150 1790 die-

527 1814 580 1868 ten
610 1826 673 1868 neu
724 1827 752 1867 e.
958 1848 961 1855 -
1036 1826 1039 1833 ·

219 1885 387 1974 Quoniam
415 1885 440 1969 f)
459 1826 631 1979 pleraecfire
671 1803 885 1953 cathcidralea'
907 1892 1054 1956 ecclesiae
1085 1906 1150 1960 tam

134 1975 244 2038 tenoie
281 1975 427 2039 redditus
471 1981 565 2054 sunt,
617 1985 651 2059 et
686 1976 848 2056 unguine,
896 1987 931 2039 ut
973 1980 1150 2064 episcopati

135 2057 296 2141 dignitati¹
323 2061 416 2149 nulio
457 2061 556 2124 modo
596 2062 828 2186 respondeant,
865 2081 969 2149 neque
1004 2066 1153 2127 ecclesie-

20 2194 25 2219 ,
134 2164 208 2209 rum
254 2144 431 2210 necessitati
463 2146 625 2211 sufficiunt
662 2143 710 2230 4);
763 2145 928 2226 examinet
977 2151 1150 2215 concilium

134 2229 355 2316 provinciale,
399 2233 526 2296 vocabo
566 2231 627 2312 iia,
672 2253 808 2318 quorum
840 2232 986 2312 interest,
1028 2247 1061 2298 et
1096 2236 1151 2299 di-

134 2316 276 2397 ligenter
301 2315 480 2400 expendat,
522 2336 599 2404 quac
632 2329 766 2404 propter
795 2318 968 2398 angustiae,
1008 2323 1151 2386 tenuita-

134 2411 264 2487 temque
287 2400 470 2481 vicinie25)
492 2406 602 2479 unire,
633 2404 687 2464 vel
716 2402 815 2467 novis
844 2405 1058 2488 proventibus
1090 2430 1150 2471 au-

134 2486 404 2571 geroexpediet3
438 2484 645 2572 confectaque
674 2485 715 2548 de
745 2490 922 2573 praemissio
944 2489 1149 2556 instrumenta

134 2568 174 2631 ad
209 2573 366 2633 sumtuum
401 2569 585 2635 Romanurn
619 2570 806 2656 pontificem
841 2575 956 2635 mittat.
1020 2575 1149 2659 Quibus

135 2652 304 2716 instructus
335 2660 476 2719 surnmua
504 2644 654 2742 pontisei
683 2676 726 2717 ex
755 2655 923 2743 prudentia
945 2664 1018 2737 sua,
1051 2677 1150 2748 prout

133 2738 290 2824 expedire
317 2740 523 2823 judicaverit,
551 2750 605 2803 not
632 2751 745 2803 tenues
776 2743 918 2807 invicem
951 2747 1060 2824 uniat,
1094 2760 1150 2812 aut

105 2825 240 2911 ,aliqua
261 2826 432 2888 accessione
461 2846 503 2889 ex
531 2821 687 2889 fructibus
718 2839 840 2911 augent.
902 2827 1038 2894 Interim
1059 2855 1149 2910 vero,

134 2909 237 2974 donec
257 2911 417 2996 praedicta
438 2912 585 2975 effectum
606 2912 786 2991 sortiantur,
817 2911 1003 2995 hujusmodi
1022 2921 1151 3004 episco-

135 2996 205 3082 pia,
235 2997 292 3083 qui
320 2991 480 3062 fructuum
509 2995 721 3061 subventione
750 3018 810 3083 pro
833 2997 983 3064 dioecesis
1003 3007 1075 3067 suae
1097 3018 1152 3068 te-

134 3083 257 3144 nuitote
288 3081 454 3163 indigent,
481 3083 601 3168 poterit
623 3082 664 3145 de
683 3083 847 3146 beneficiio
868 3087 1045 3174 aliquibus,
1073 3090 1152 3155 dum

134 3179 241 3229 tamen
257 3181 436 3231 coratanon
447 3169 517 3245 sint,
540 3189 599 3231 nec
611 3167 796 3248 dignitates,
815 3173 867 3234 seu
880 3175 1098 3253 canonicatus,
1117 3188 1150 3240 et

134 3252 344 3337 praebendae,
365 3252 627 3330 necmonasteria,
646 3256 681 3316 in
693 3253 909 3341 quibusviget
920 3262 1076 3338 regularis
1089 3265 1151 3324 ob-

133 3337 303 3416 servantia,
316 3340 370 3401 vo}
381 3361 461 3426 quae
470 3339 621 3425 capitulio
633 3341 844 3419 generalibus,
856 3353 888 3405 at
898 3346 995 3407 certis
1004 3346 1152 3410 visitato·

46 3474 52 3490 ,
134 3422 224 3486 ribus
234 3423 420 3502 subduntur,
432 3446 450 3488 a
464 3429 587 3491 sommo
600 3420 648 3508 2⁵)
657 3426 812 3512 pontifice
824 3429 1004 3514 provideri.
1024 3429 1064 3496 In
1073 3456 1150 3518 per-

168 3606 217 3672 24)
234 3604 371 3662 sufficiant
386 3612 451 3676 Ru,
467 3613 552 3675 Rern,
570 3614 605 3665 R.
625 3612 707 3679 Vah,
733 3614 811 3668 Rom.
828 3615 888 3671 M..
920 3613 1024 3670 Viru.‚.
1043 3614 1147 3678 libem,

171 3677 247 3736 Dit,
276 3679 356 3744 Van,
385 3682 489 3739 Horu„
515 3681 604 3752 coifi,
632 3684 679 3738 Va.
704 3707 740 3727 ·-
795 3688 842 3750 25)
869 3688 989 3739 invicem
1015 3702 1066 3754 pro
1092 3691 1146 3736 vic.

117 3780 120 3793 ι
170 3748 271 3805 Horu,
291 3751 339 3802 Ve.
356 3779 390 3792 -
434 3754 481 3820 26)
501 3755 624 3808 Rottteno
641 3751 705 3808 aad.
723 3756 791 3823 na,
809 3759 901 3824 lium.¹
916 3759 952 3810 R.
972 3759 1050 3822 Van,
1067 3758 1146 3811 Rom.

4 3906 6 3913 Ι
170 3846 194 3911 i)
211 3830 360 3903 Sais..VIs.
383 3848 419 3903 de
443 3850 600 3907 resormnc.
614 3858 638 3917 -6
657 3851 696 3924 sq.
718 3852 785 3911 Seis.
802 3856 878 3913 XIV.
897 3836 932 3913 rio
943 3855 1064 3919 ¹rasornr.
1081 3872 1106 3911 c.
1118 3864 1147 3918 9.

73 4004 77 4011 ι
170 3917 499 3990 Huj.soss.doroscrm.
519 3932 605 3986 c.15⁴
729 3926 768 3973 ‘-

14 4150 230 4256 m
