2528 4522
303 266 446 337 Decret.
470 218 650 362 prorogat.
673 265 765 340 Salv.
791 269 957 341 conduct.
1086 278 1135 353 73

122 446 223 511 fiunis
247 446 318 511 divi
334 447 446 524 Pauli,
482 447 537 535 qui
559 448 618 513 erit
639 446 763 513 XXV.
785 449 838 513 die
858 453 973 513 rnenfis
992 450 1137 514 Januarii

122 533 202 597 anni
223 536 401 619 sequentis,
428 532 555 597 indixit.
595 532 744 621 Illudque
764 548 923 620 praeterea
945 537 1066 614 statuit,
1102 552 1137 600 ut

119 619 158 680 in
184 618 295 681 eedem
315 619 451 681 ¹sessione
471 619 684 682 de'sacriiicio
711 620 820 684 miliae
842 633 968 701 agetur,
1000 635 1136 707 propter

119 723 271 784 maguam
295 705 457 790 utriusque
480 702 529 767 rei
548 707 795 770 connexionem.
855 706 981 769 interea
1002 707 1135 771 sessione

120 791 275 872 proxima
299 788 338 850 de
359 790 588 874 poenitentiae,
611 804 642 852 et
663 803 825 855 extremae
846 793 1008 855 unctionis
1033 798 1136 854 sacra-

121 877 242 935 mentis
260 874 464 936 tractandum.
502 872 602 938 ¹lllarn
619 886 724 940 eutem
745 877 797 941 die
811 874 886 938 fello
903 878 995 940 divae
1017 875 1136 939 Callia-

120 958 211 1021 rinee
235 960 373 1038 virginis
395 971 426 1021 et
448 962 615 1039 martyris,
635 963 689 1047 qui
714 965 776 1026 erit
795 961 919 1025 XXV.
932 962 1135 1039 Novembris,

121 1042 302 1106 babendum
325 1044 387 1107 eise
409 1045 569 1122 decrevit,
595 1044 768 1132 simulque,
797 1049 890 1113 utin
911 1061 1043 1135 utraque
1064 1070 1135 1111 rne-

119 1130 237 1191 teriam
259 1125 501 1193 reformationis
521 1134 739 1219 prosequatur.

188 1376 194 1394 ι
229 1355 359 1402 SALVUS
383 1361 574 1405 CONDUGTUS
597 1363 706 1406 DATUS
729 1362 1036 1415 PROTESTANTIBUS·

186 1496 392 1559 Sacrosancta
411 1499 571 1577 generalis
593 1497 785 1561 Tridentino
810 1496 965 1577 synodus,
999 1497 1036 1559 in
1057 1496 1135 1583 Spi-

122 1581 188 1644 ritu
210 1586 317 1645 sancto
340 1582 486 1662 legitime
514 1596 719 1664 congregata,
748 1584 997 1668 praesidentibus
1030 1584 1064 1644 in
1098 1604 1134 1644 ea

123 1666 249 1731 eisdem
281 1671 403 1730 sanctae
431 1668 514 1730 sedis
542 1670 729 1753 apostolicae
759 1672 863 1750 legato
879 1668 909 1747 1)
937 1678 969 1730 et
998 1668 1135 1729 nuntiis.

124 1748 283 1817 Omnibus
315 1765 347 1813 et
373 1754 504 1834 siugulis
531 1756 598 1817 sive
621 1754 846 1832 ecclesiasticis,
880 1756 946 1817 sive
968 1754 1136 1815 saeculari-

123 1839 183 1901 bus
216 1839 363 1924 personis
395 1840 558 1902 universae
580 1837 785 1915 Germaniae,
821 1841 1040 1924 cujuscumque
1061 1859 1136 1917 gra-

123 1921 200 2001 dos,
235 1924 348 1998 status,
384 1925 600 2002 conditionis,
639 1939 672 1988 et
696 1927 859 2011 qualitatis
882 1927 963 1999 tint,
996 1945 1074 2008 quae
1096 1923 1136 1984 ad

125 2009 365 2071 oecumenicum
387 2010 468 2088 hoc,
490 2022 523 2071 et
544 2013 689 2090 generale
712 2011 883 2072 concilium
906 2009 1051 2071 accedere
1073 2031 1137 2070 vo-

124 2093 265 2171 luerint,
299 2104 334 2154 ut
356 2093 395 2156 de
415 2095 458 2157 iis
482 2096 591 2172 rebus,
640 2117 696 2158 uae
718 2097 751 2157 in
775 2097 841 2180 ipsa
863 2094 986 2175 synodo
1008 2094 1135 2154 tractari

125 2174 251 2255 debent,
276 2179 365 2239 omni
383 2180 530 2242 libertate
551 2118 707 2258 conserte,
728 2201 921 2265 proponere,
944 2191 976 2241 et
997 2190 1137 2254 tractare,

126 2284 159 2335 ac
191 2264 231 2325 ad
260 2265 366 2348 ipsum
401 2267 638 2327 oecumenicum
670 2266 841 2326 concilium
872 2266 972 2324 libere
1001 2274 1033 2324 et
1065 2272 1139 2324 tuto'

126 2350 261 2424 venire,
293 2361 325 2409 et
345 2350 385 2409 'in
404 2369 442 2410 eo
467 2365 595 2410 manere
616 2359 649 2410 et
670 2347 882 2426 commorari,
918 2368 952 2407 ac
974 2349 1137 2422 articulos,

128 2433 298 2521 qoot'illis
322 2431 498 2511 videbitur,
520 2446 583 2495 tam
606 2434 744 2520 scripto,
774 2455 866 2519 quarn
889 2434 987 2494 verbo
1011 2433 1137 2509 offerre,

128 2538 329 2605 proponere,
358 2529 390 2580 et
420 2541 490 2582 cum
524 2519 684 2603 patribus,
718 2520 783 2581 five
815 2520 873 2594 iis,
911 2518 967 2604 qui
997 2520 1034 2579 ab
1067 2519 1136 2603 ipsa

129 2612 231 2669 sancta
266 2602 388 2684 synodo
425 2606 541 2667 delecti
572 2598 712 2680 suerint,
752 2600 917 2679 conterre,
958 2613 989 2665 et
1018 2606 1137 2689 absque

130 2692 206 2753 ullis
218 2691 387 2764 conviciis,
406 2698 439 2752 et
454 2692 659 2753 contumeliis
673 2690 845 2774 disputare,
863 2711 998 2764 necnon,
1011 2688 1136 2775 quando

130 2777 196 2838 illis
220 2776 391 2861 placuerit,
416 2775 563 2837 recedere
587 2776 720 2860 possint,
753 2787 785 2836 et
805 2776 951 2850 valeant,
978 2777 1138 2857 publicam

129 2860 236 2936 iidem,
256 2871 289 2922 et
307 2861 434 2945 plenam
457 2861 664 2936 securitatem,
688 2881 779 2948 quem
804 2863 926 2922 salvum
951 2860 1140 2921 conductum

132 2947 314 3031 appellant,
349 2967 420 3008 cum
446 2947 613 3022 omnibus,
648 2958 679 3007 et
708 2946 839 3024 lingulis
860 2945 1008 3006 clausulis
1030 2956 1062 3006 et
1084 2945 1137 3006 de·

132 3033 224 3094 cretis
247 3029 431 3093 necessariis
454 3044 486 3093 et
506 3032 714 3115 opportunis,
737 3029 877 3093 etiamsi
899 3029 1087 3114 specialiter,
1108 3043 1139 3092 et

132 3138 195 3179 non
218 3137 277 3201 per
300 3119 395 3178 verba
418 3120 580 3196 generalia
600 3116 742 3201 exprimi
765 3115 937 3189 deberent,
971 3136 1049 3199 quae
1078 3137 1138 3200 pro

133 3202 284 3295 oppressis
312 3202 424 3262 haberi
453 3203 575 3277 voluit,
616 3214 769 3292 quantum
801 3200 838 3261 ad
872 3201 973 3284 ipsum
1001 3206 1138 3264 sanctam

135 3287 290 3367 synodum
313 3290 445 3372 spectat,
469 3287 626 3348 concedit.
685 3278 992 3369 Placuit-praeterea
1014 3291 1137 3349 sanctae

135 3373 271 3453 syuodo,
294 3373 383 3444 ut,s1
405 3395 464 3459 pro
480 3373 594 3454 majori
613 3373 760 3435 libertate
785 3394 818 3433 ac
833 3372 995 3434 securitate
1016 3394 1137 3448 eorum,

135 3470 234 3521 certos
255 3468 320 3518 tam
341 3480 399 3543 pro
423 3457 603 3532 commissis,
626 3480 716 3544 quam
740 3480 797 3542 pro
820 3458 1059 3521 corrunittendis
1082 3479 1138 3542 per

137 3563 187 3605 eos
207 3542 336 3605 delictis
356 3542 477 3624 judices
502 3544 549 3605 eis
572 3543 719 3628 deputari
737 3546 876 3628 cupiant,
900 3545 979 3605 illos
1003 3545 1059 3605 fibi
1082 3547 1139 3605 be-

137 3631 269 3691 nevolos
292 3629 478 3705 norninent,
510 3628 608 3692 etiam
627 3630 651 3691 ti
673 3629 787 3691 delicta
808 3628 874 3714 ipsa
896 3641 1138 3714 quantumcum-

139 3732 192 3797 que
212 3714 377 3790 enormia,
399 3734 434 3775 ec
454 3715 607 3779 haeresim
619 3714 783 3801 ,sapientia
804 3712 934 3780 suerint.

139 3861 569 3881 *Ἢ

169 3940 196 4005 1)
212 3939 312 4013 legatis
330 3940 406 3998 Brix.
