2528 4522
104 297 108 306 .
194 261 244 337 64
311 255 402 351 App.
427 253 450 323 Ι.
473 257 519 368 ad
542 255 675 325 Concil.
701 255 867 327 Trident.
923 212 1133 328 SeflinI.⁴

194 467 229 507 ac
250 466 318 506 non
340 450 485 522 magtmm
509 449 685 502 ceterorum
700 449 826 525 patrum
842 435 1107 524 frequentant),
1129 467 1215 529 pro-

194 529 305 613 cedere
328 531 478 591 hactenus
499 525 684 602 distulerit,
717 527 756 587 de
776 528 1009 588 venerabilium
1030 529 1066 591 in
1089 527 1213 592 Christo

193 611 346 690 fratrum,
376 626 408 676 et
430 615 574 676 fitiorum
595 615 724 689 [uorum
746 609 944 691 birgantini,
967 625 1001 674 et
1024 612 1215 679 Treveren-

193 702 233 762 tts
257 697 593 784 archiepiscoporum,
616 719 650 757 ac
672 696 749 759 [acri
772 695 1063 783 Romaniimperii
1086 702 1213 785 princi-

192 808 270 872 pum
292 786 476 860 electorum,
511 795 542 844 et
565 784 780 867 corripiorium
801 782 898 867 iptius
914 784 1111 870 aliarumque
1135 809 1213 871 pro-

193 871 372 934 vinciarum
393 873 633 955 episcoporum,
654 871 709 930 sub
733 859 813 934 lmirc
833 869 933 950 ipt'am
957 870 1041 931 diem
1068 873 1209 937 adventu

193 958 228 1018 in
251 955 392 1018 Domino
424 955 591 1029 exaltans,
623 964 655 1014 et
675 954 787 1039 dignas
817 952 876 1036 ipti
899 955 1118 1039 omnipotenti
1142 957 1211 1019 Deo

193 1063 290 1120 egens
310 1043 446 1121 gratias,
479 1042 666 1122 firmamque
688 1038 701 1100 s
725 1059 775 1100 em
797 1040 1003 1123 concipiens,
1039 1046 1212 1126 quarnplu-

196 1129 299 1188 rimos
320 1125 449 1210 aliast)
473 1137 536 1185 tam
569 1126 668 1209 iptius
700 1061 925 1200 iterrnanicae,
961 1144 1055 1211 quam
1078 1128 1211 1191 alierum

197 1213 364 1275 nationum
386 1212 556 1298 praelatos,
578 1221 610 1272 et
629 1208 679 1272 sui
701 1208 800 1271 officii
821 1209 940 1285 debito,
963 1222 996 1271 et
1017 1211 1078 1273 hoc
1099 1236 1212 1276 exem-

196 1301 253 1382 pto
271 1312 467 1373 commotos,
490 1295 679 1381 propediem
702 1293 765 1358 eil'e
788 1306 962 1372 venturoo;
983 1291 1124 1361 suturam
1145 1304 1212 1364 sei-

194 1387 313 1444 tionem
348 1384 385 1444 ad
413 1382 683 1467 quadragetimam
705 1379 812 1453 diem,
846 1402 925 1466 quae
957 1382 1209 1446 erit-undecima

169 1471 308 1530 'mentis
333 1465 479 1529 Octobris
522 1468 647 1528 roxime
670 1463 849 1552 sequentis,
879 1464 1012 1541 indicit3
1046 1481 1079 1529 et
1100 1475 1211 1532 conci-

191 1555 273 1615 lium
295 1557 401 1638 ipt'um
429 1556 464 1616 in
489 1489 584 1624 tino,
618 1553 739 1636 inquo
763 1553 943 1699 referitur,
978 1555 1211 1640 prosequendo,

192 1660 263 1701 cnm
295 1641 331 1700 in
359 1638 542 1723 praeteritis
571 1637 757 1699 sessionibus
814 1659 831 1698 e
863 1641 984 1720 septem
1007 1638 1211 1705 sacramentie

192 1745 297 1785 novae
318 1725 401 1803 legis
422 1725 457 1785 in
479 1743 612 1800 genere,
636 1734 668 1783 et
690 1723 724 1783 in
746 1721 850 1806 t'pecie
875 1723 913 1784 de
935 1724 1145 1808 baptismate,
1178 1740 1210 1789 et

193 1810 438 1871 confirmatione
473 1807 640 1868 definitum
663 1801 780 1882 fuerit,
812 1806 918 1869 statuit
934 1821 974 1874 {et
994 1808 1156 1874 decernit·
1171 1813 1210 1875 de

193 1894 397 1957 sanctittimaa
418 1891 632 1968 Eucharistiae
667 1895 882 1967 sacramentor
917 1912 976 1954 nec
1008 1916 1091 1969 non,
1124 1899 1209 1982 quod

142 1986 146 1999 '
196 1979 234 2040 ad
258 1974 522 2041 reformationem
540 1978 665 2053 attinet,
690 1976 729 2039 de
752 1979 897 2062 reliquie,
921 1998 1000 2062 quae
1021 1979 1060 2041 ad
1081 1976 1212 2045 facilio-

192 2085 261 2127 rem
293 2076 324 2127 et
356 2063 608 2127 commodiorem
630 2063 846 2147 praelatorum
878 2062 1075 2127 relidentiern
1107 2071 1211 2152 perti-

192 2160 288 2222 nent,
319 2150 371 2230 agi
396 2160 428 2211 at
451 2146 574 2210 tractari
596 2145 721 2210 debere.
775 2143 824 2209 Ac
846 2159 980 2226 monet,
1011 2165 1041 2211 et
1064 2152 1210 2216 hortatur

195 2255 307 2296 omnes
328 2249 444 2320 patres,
467 2246 500 2295 ut
522 2235 655 2297 interim
676 2231 811 2294 Domini
834 2235 940 2308 nostri,
963 2234 1037 2296 Jesu
1051 2232 1210 2315 constit)

194 2321 367 2403 exempto,
400 2332 553 2406 quantum
580 2330 685 2381 tamen
720 2318 856 2381 humana
878 2317 1038 2397 fragilitas
1060 2325 1210 2406 patietur,

192 2405 341 2486 jejuniis,
375 2416 406 2465 et
443 2405 642 2465 orationihus
678 2416 806 2478 vacent,
839 2415 873 2465 ut
907 2404 1033 2467 tandem
1057 2409 1210 2494 placatus,

197 2491 317 2573 quiin
348 2490 467 2549 treenta
492 2490 529 2550 lit
552 2487 753 2563 benedictus,
786 2488 874 2550 Deus
911 2489 1005 2551 corda
1040 2492 1208 2557 hominum

196 2575 233 2633 ad
258 2594 349 2634 verae
371 2577 442 2634 t'uae
466 2575 542 2635 [idei
563 2574 785 2653 agnitionem,
819 2585 851 2636 et
873 2577 996 2643 sanctae
1019 2581 1130 2640 matris
1157 2602 1210 2642 ec-

195 2659 304 2719 ctotiae
334 2658 506 2734 unitatem,
538 2678 572 2718 ac
611 2670 695 2720 recte
726 2659 861 2722 vivendi
892 2682 1037 2724 normam
1059 2667 1209 2729 reducere

195 2742 362 2823 dignetur·
999 2758 1017 2771 ’·

267 2828 294 2895 e)
309 2825 439 2890 Nomina,
457 2825 620 2897 cognomina,
635 2826 747 2895 patriae·
762 2837 790 2879 et
806 2828 954 2898 dignitates
970 2841 1082 2899 patrum
1100 2842 1128 2884 et
1147 2852 1210 2885 ora-

196 2907 301 2963 torum,
322 2897 370 2967 qai
387 2897 573 2967 interfuerant
587 2897 694 2966 seffioni
712 2903 782 2954 XII.
808 2901 911 2951 concilii
933 2903 1095 2961 Tridentini,
1110 2903 1209 2973 secun-

196 2955 245 3020 tiae
261 2966 315 3036 sab
332 2967 405 3027 ,lulio
422 2971 490 3034 111„
507 2968 616 3031 habitae
636 2971 676 3019 dia
695 2980 721 3029 ta
737 2971 897 3039 Septernbric
916 2980 994 3032 1551.

265 3041 391 3107 Legati
412 3039 660 3108 praesidentes
680 3042 732 3110 (cs.
750 3041 810 3117 [eff.
830 3046 913 3106 XI.).·
934 3043 1209 3099 MarcettusCrescen-

195 3113 252 3164 tius.
271 3112 291 3178 †
311 3110 397 3163 audit.
426 3120 477 3163 rot·
499 3112 617 3167 Veronae
642 3118 686 3172 28.
705 3114 778 3179 Mnji
797 3121 874 3173 1552.
889 3111 991 3181 sepult.
1017 3115 1056 3180 est
1081 3116 1112 3166 in
1131 3114 1209 3183 bafil.

194 3185 222 3237 S.
236 3183 344 3233 Mariae
361 3185 455 3250 major.
471 3183 574 3234 Excitat
587 3199 626 3249 ¹ea
643 3185 703 3247 eirca
716 3184 830 3256 sarcilia
847 3184 928 3237 Alex.
944 3185 1095 3253 patriarch.
1110 3187 1210 3241 Hiero·

121 3282 130 3297 .
191 3250 389 3320 solymorrbic.
408 3253 547 3304 clementis
564 3255 603 3305 X.
616 3254 750 3323 praefert.
768 3262 847 3317 1674.
885 3257 1047 3309 Sebastianus
1073 3257 1208 3325 Pighintts.

197 3323 257 3373 dein
272 3324 373 3374 cardin.
392 3324 469 3382 Olim,
488 3325 714 3392 21.Aag.1546.
733 3325 904 3396 ep.Alifan.‚
923 3336 981 3377 tam
998 3333 1025 3389 a.
1044 3331 1109 3384 Jarr.
1129 3322 1209 3391 15748.

194 3392 359 3460 Feltrenfic,
384 3405 412 3445 et
439 3390 466 3456 22
494 3392 858 3468 Decemb.1553.Adr'iens.
884 3397 904 3464 †
931 3402 1031 3450 Romae
1054 3398 1111 3454 eod.
1138 3398 1209 3454 anno

231 3620 262 3685 2)
280 3635 311 3669 ac
331 3634 434 3674 non...
453 3618 638 3686 frequentiam
659 3637 708 3679 orn·
720 3615 785 3703 Ξααιί.
803 3645 839 3657 ·-·
875 3617 904 3685 3)
922 3619 992 3676 alios
1011 3637 1060 3671 om.
1076 3620 1141 3677 aad.
1161 3650 1165 3659 ι

228 3729 257 3794 d)
278 3727 375 3780 Matth.
397 3733 432 3792 tt,
449 3742 471 3781 a.
509 3728 574 3782 Luc.
592 3735 620 3788 6,
642 3743 676 3784 12.
701 3755 734 3766 -
753 3729 779 3792 e)
798 3729 841 3780 Ex
859 3740 911 3780 act.
929 3728 1030 3780 concil.
1050 3745 1100 3794 per
1117 3729 1208 3783 Nicol.

226 3798 396 3852 Psalmaeum
422 3800 530 3853 collect.
555 3797 704 3852 Emendate
729 3810 820 3859 tamen
839 3794 908 3861 'sont
933 3804 1009 3852 veria
1024 3805 1149 3853 nomina
1172 3816 1207 3852 ex

227 3871 354 3936 Langhei
371 3867 431 3922 Mtt.
452 3886 554 3922 coaevo
576 3883 602 3922 er
620 3871 714 3927 auth:
746 3868 863 3921 insertae
892 3854 980 3937 qrrin'r:
992 3868 1067 3923 'funt
1082 3869 1205 3924 notulae

227 3959 263 3993 cx
285 3942 418 4009 t'upptem.
439 3943 540 3994 indicia
559 3959 635 3996 conc.
654 3941 733 3994 Trttt.
753 3943 819 4007 edit.
836 3943 899 3996 Par.
918 3949 1000 4002 1751.
1089 3970 1105 3989 .·
