2528 4522
355 240 551 342 ‘regulae
581 247 626 317 de
646 232 751 320 'libris
774 248 915 344 prohib.
988 244 996 256 ’
1083 260 1162 332 313

148 419 310 504 summi-⁶)
332 421 525 494 -Pontificie,
562 433 596 487 et
624 421 705 487 sacri
730 420 847 508 palatii
873 421 1071 505 magistrum,
1105 425 1162 489 rel

147 515 298 596 personas
319 530 337 572 a
355 511 548 575 sanctissimo
570 509 703 572 domino
720 510 824 572 nostro
842 508 1047 596 deputandas,
1069 513 1161 596 prius

147 598 360 660 examinetur.
390 595 428 658 ln
441 597 515 658 aliis
531 616 608 663 vero
623 595 705 658 iocis
720 595 758 657 ed
772 596 968 681 episcopum,
990 599 1046 671 vel
1059 598 1161 663 elium

146 684 317 746 habentem
328 681 494 744 scientiam
512 682 590 743 libri
603 683 657 744 vel
670 682 844 766 scripturae
856 682 1101 767 imprimendae,
1122 685 1161 746 ab
1193 682 1197 689 ’

146 769 260 832 eodem
282 769 431 852 episcopo
453 767 690 852 deputandum,
719 789 754 830 ac
775 769 996 854 inquisitorem
1018 767 1161 830 haereti-

144 875 199 919 oae
230 855 400 938 pravitatis
422 854 488 936 ejus
509 854 749 930 civitatis-ves
764 852 933 932 dioecetis,
956 856 992 916 in
1015 875 1075 939 que
1096 852 1164 916 im·
1191 874 1200 883 ··

144 940 262 1026 pressio
281 942 354 1018 fiet,
386 934 456 1030 ejus
488 942 735 1025 approbatio'et
755 962 891 1003 examen
913 940 1092 1025 pertineat,
1128 949 1163 1002 et

144 1046 204 1109 per
226 1046 336 1088 eorum
356 1046 485 1089 manum
509 1026 644 1111 proprie
665 1026 902 1110 subscriptione,
918 1027 1019 1104 gratie
1041 1035 1074 1087 et
1094 1023 1161 1088 sine

145 1110 303 1176 dilatione
323 1110 574 1198 imponendam,
610 1113 666 1174 sub
691 1114 813 1195 poenis
828 1125 861 1174 et
882 1111 1023 1174 censuris
1043 1111 1164 1183 ineo-

146 1195 219 1258 dem
240 1195 368 1260 decreto
391 1197 572 1272 contentis,
599 1199 817 1281 approbetur:
843 1197 912 1257 ‘hac
935 1198 1007 1275 lege
1028 1206 1061 1258 et
1081 1215 1164 1273 con·-

145 1281 272 1347 ditione
291 1282 409 1360 addita,
429 1285 464 1347 ut
486 1283 672 1365 exernploin
694 1282 773 1342 libri
790 1281 1002 1367 imprimendi
1022 1280 1164 1344 authen-

143 1368 261 1446 ticum,
291 1379 324 1431 ot
347 1389 443 1431 manu
464 1367 605 1430 auctoris
625 1369 853 1451 subscriptum,
887 1366 971 1452 apud
994 1365 1166 1429 examina·
1202 1395 1212 1420 o

74 1464 76 1469 “
143 1466 248 1515 torem
266 1467 447 1529 remaneat;
487 1475 543 1517 eos
563 1472 659 1528 vero,
695 1454 751 1538 qui
778 1453 909 1515 libellos
929 1452 1166 1535 marrohriptoe

143 1539 317 1618 vulgant„
340 1540 401 1602 niti
433 1551 507 1601 ante
541 1539 717 1600 examinati
754 1522 945 1622 probatique
978 1533 1166 1616 fuerunr7),

80 1650 91 1669 a
142 1622 262 1687 iisdem
284 1626 399 1708 poenis
419 1623 530 1706 subjici
550 1623 672 1685 ,debere
692 1622 864 1706 judicarint
880 1621 909 1703 ⁸)
930 1635 1038 1708 patres
1060 1621 1166 1706 depu-

141 1711 221 1788 tati,
246 1713 361 1796 quibus
383 1708 607 1795 impressoress
629 1719 662 1770 et
683 1710 740 1794 qui
755 1716 815 1772 'eos
831 1709 1004 1791 habuerint
1021 1721 1052 1771 et
1072 1708 1164 1787 lege-

142 1797 230 1871 rint,
261 1797 322 1859 uiti
349 1806 494 1858 auctores
515 1792 736 1879 prodiderint,
764 1816 823 1880 pro
857 1795 1039 1858 auctoribus
1062 1793 1164 1856 habe-

141 1892 256 1948 antur„
319 1878 393 1966 Ipsa
420 1902 498 1944 vero
531 1878 719 1962 hujusmodi
752 1881 911 1944 librorum
944 1878 1094 1964 probatio
1126 1878 1166 1942 in

138 1966 271 2051 scriptis
290 1965 403 2042 detur,
433 1978 466 2029 et
496 1965 532 2028 in
556 1961 667 2027 fronte
695 1965 776 2027 libri
796 1966 851 2028 vel
879 1965 991 2050 scripti
1022 1965 1077 2028 vel
1097 1962 1166 2028 im·

142 2053 240 2136 pressi
272 2039 457 2124 authentice
484 2061 652 2134 appareat,
690 2052 904 2137 probatioque
942 2061 975 2112 et
1016 2070 1167 2125 examen,

143 2159 178 2199 ac
199 2148 302 2199 cetera
324 2139 424 2215 gratis
438 2139 536 2197 fiant.
560 2135 746 2216 ¹Praeterea
766 2139 801 2197 in
824 2135 959 2216 singulis
980 2135 1166 2197 civitatibus
1201 2152 1210 2158 ·

143 2242 179 2282 ac
201 2222 410 2294 dioecesibus,
434 2220 560 2290 ‚domne
591 2221 646 2282 vel
674 2221 755 2294 loci,
790 2221 847 2281 ubi·
877 2239 927 2281 ars
960 2217 1166 2303 impressoria

143 2316 321 2382 exercetur,
342 2290 374 2366 iet
391 2301 768 2386 bibliothecaelibrorum
785 2305 1092 2389 venaliurrusaepiue
1110 2304 1166 2365 vi-

142 2393 307 2454 sitentura
322 2389 470 2475 personis
482 2387 566 2471 adid
581 2387 772 2472 deputandis
783 2391 820 2450 ab
837 2392 1002 2474 episcopo,
1019 2390 1084 2452 five
1097 2389 1167 2472 ejus
1188 2434 1191 2447 .

142 2477 279 2550 vicario,
300 2489 393 2561 atque
411 2477 509 2537 etiarn
525 2477 562 2535 ab
582 2473 773 2558 'inquifito're
790 2473 966 2538 baereticae
984 2475 1168 2560 pravitatiS,

142 2574 179 2624 ut
201 2553 289 2624 nibil
310 2582 432 2635 eorum,
456 2580 536 2646 quae
550 2561 776 2643 prohibentor,
797 2572 851 2623 aut
873 2562 1088 2647 imprimatur,
1109 2571 1165 2622 eut

142 2642 398 2722 venturu-‘aut
416 2648 580 2712 habeatur.
624 2639 744 2723 Omnes
768 2665 847 2726 vero
869 2647 1013 2724 librarii,
1035 2658 1068 2709 et
1089 2645 1167 2731 qui·

143 2756 277 2820 cumque
307 2735 465 2807 iibrorurn
489 2729 697 2805 venditores,
730 2729 867 2795 habeant
894 2735 929 2812 in
958 2733 1021 2795 suis
1042 2733 1168 2795 biblio-

142 2822 247 2881 thecis
266 2819 407 2883 indicem
429 2819 587 2879 librorum
609 2816 774 2880 venalium
784 2843 806 2894 ,c
820 2839 901 2903 quos
924 2820 1062 2898 habent,
1093 2838 1166 2881 cum

142 2905 376 2989 subscriptione
407 2903 563 2966 dictarum
592 2906 817 2987 personarum,
858 2925 917 2967 nec
947 2904 1031 2965 alios
1061 2903 1166 2964 libros

144 2991 299 3065 habeant,
322 3002 377 3053 aut
401 2990 560 3064 vendant,
587 2999 641 3050 aut
656 3008 858 3074 ¹quacumque
878 2989 1006 3051 ratione
1029 2984 1167 3065 tradant,

144 3076 210 3138 fine
231 3075 365 3137 licentia
384 3074 571 3155 eorumdem
582 3072 852 3158 deputandorum,
874 3075 929 3137 sub
945 3086 1052 3158 poena
1067 3072 1167 3136 amis-

145 3160 243 3222 fionis
273 3163 454 3237 librorum,
491 3172 524 3223 et
557 3159 632 3220 aliis
663 3160 796 3221 arbitrio
829 3160 1078 3244 episcoporum,
1100 3157 1166 3221 ael

138 3245 372 3332 ‚inquisitorum
402 3244 623 3333 imponendis.
649 3292 652 3298 .
688 3241 859 3330 Emptores
888 3241 985 3322 vero,
1017 3245 1166 3322 lectores,

145 3335 198 3399 ,vel
224 3331 447 3415 impressores,
469 3329 810 3415 eorumdem-arbitrio
836 3332 1021 3415 puniantur.
1064 3325 1166 3420 Quod
1194 3382 1198 3388 .

144 3417 293 3503 fialiqui
313 3418 415 3478 libros
440 3415 655 3502 quoscumque
685 3415 722 3478 in
752 3417 890 3501 aliquam
923 3417 1086 3478 civitatem
1108 3415 1176 3479 in·'

119 3502 329 3578 vtroducunt,
360 3514 527 3565 teneantur
558 3501 681 3579 eisdem
711 3504 856 3584 personis
887 3501 1078 3587 deputandis
1109 3521 1165 3565 re·
1220 3543 1225 3554 ι

145 3589 316 3650 nuntiare:
348 3589 480 3665 ve1‚.fi
512 3589 603 3650 locus
635 3588 783 3671 publicus
815 3590 973 3651 mercibus
1005 3584 1166 3675 ejusmpdi

146 3674 332 3739 constitutus
354 3675 399 3754 sit,
421 3673 557 3747 ministri
578 3673 702 3758 publici
723 3673 867 3756 ejusloci
886 3674 1163 3762 praedictisper-

183 3898 213 3954 6)
231 3891 328 3944 summi
348 3911 397 3943 om·
417 3891 509 3946 Hard·
527 3878 563 3933 ’έ-
608 3893 638 3961 7)
657 3893 762 3949 suerint
787 3893 847 3947 ead.
875 3904 903 3947 er
924 3896 972 3950 Ve.
991 3921 1026 3933 -
1071 3891 1100 3959 8)
1116 3891 1163 3960 ju-

183 3971 309 4018 dicarunt
325 3963 406 4020 eard·
493 4029 501 4037 κ
