2528 4522
186 249 233 316 82
297 191 398 335 :Appi
410 227 444 297 ¹1.
471 166 677 295 athoncil.
695 219 863 290 Trident.
914 221 997 290 Sess.
1023 219 1131 324 XIV,

189 429 279 491 tum,
299 412 532 490 collegiorum,
554 408 711 478 locorum,
734 412 768 464 et
789 386 999 486 hospitalium
1018 401 1207 485 hujusmodi

192 500 345 588 personae
377 499 412 556 in
447 493 605 578 praesenti
635 510 756 562 canone
789 489 925 561 minime
945 490 1208 572 comprehensae,

191 586 244 652 l'ed
267 594 435 666 exemptae
450 576 498 663 l⁶)
523 578 656 641 omnino
678 575 759 653 sint,
781 586 814 636 et
835 570 898 636 else
920 573 1159 656 intelligentur.

623 751 702 816 Gne.
725 750 789 814 VI.
848 764 853 773 ‘

193 879 328 964 [Poena
349 867 549 938 decernitur
579 868 617 933 in
641 871 801 951 clericos,
832 869 894 957 qni
925 867 963 934 in
978 867 1101 957 sacris
1130 894 1211 936 con-

185 962 309 1051 staron·
330 969 395 1024 ant
419 951 587 1040 beneficia
604 954 817 1045 poffidentee,
838 955 956 1019 ordini
975 956 1039 1041 liro
1059 978 1212 1043 congrat·

464 1048 542 1102 ense
561 1039 648 1129 vesse
670 1063 738 1104 non
760 1039 938 1123 attentum]

259 1159 347 1244 Quia
368 1178 447 1221 vero
471 1153 533 1232 ¹⁷),
563 1156 619 1218 etsi
649 1156 778 1219 habitus
807 1180 873 1223 non
904 1155 982 1221 sacit
1010 1158 1212 1236 monachum,

196 1259 324 1333 oportet
345 1257 452 1307 temen
475 1242 610 1304 clericos
632 1243 730 1304 velles
751 1244 887 1328 proprio
918 1256 1132 1324 congruentes
1158 1266 1213 1306 or-

165 1344 168 1349 '
196 1336 267 1396 dini
290 1337 415 1416 semper
436 1322 637 1402 deferre„ut
660 1350 717 1413 per
740 1328 917 1390 decentiam
934 1330 1063 1392 habitus
1085 1330 1213 1392 extrin-

131 1468 134 1477 .
195 1421 258 1483 seci
290 1438 418 1480 anorum
452 1413 646 1475 honellatem
680 1415 882 1476 intrinsecam
915 1414 1094 1491 ostenderim
1127 1425 1212 1479 tanto

196 1516 305 1567 autern
325 1500 425 1564 hodie
447 1499 628 1584 aliquorum
650 1499 790 1562 inolevit
812 1500 993 1578 terneritaa,
1022 1499 1214 1581 religionis·

197 1611 259 1676 que
282 1595 504 1670 contemptus,
527 1594 561 1644 ut
584 1586 751 1667 propriam
772 1584 980 1664 dignitatem,
1000 1597 1033 1649 et
1055 1587 1213 1649 honorem

197 1675 375 1739 clericalem
398 1670 490 1755 parvi
514 1669 711 1752 pendentes,
743 1670 843 1733 velles
874 1672 971 1734 etiam
1005 1672 1133 1755 publice
1154 1671 1214 1733 de-

198 1756 302 1821 serant
325 1758 473 1829 laicales,
502 1752 600 1837 pedes
629 1754 665 1815 in
688 1754 820 1816 diversis
841 1768 1020 1840 ponentes,
1054 1756 1214 1820 nnumin

199 1845 340 1917 divinia,
369 1843 505 1902 alterurn
536 1839 571 1900 in
600 1841 797 1917 carnalibua3
831 1854 1002 1928 propterea
1024 1862 1138 1905 otnuea
1160 1861 1216 1904 ec·

199 1929 380 1992 cleliolli'cao
401 1928 569 2010 personae,
605 1935 892 2012 quantumcumque
919 1940 1104 2012 exemptae,
1137 1946 1216 2015 quae

200 2027 255 2076 aut
275 2014 313 2076 in
333 2014 429 2075 sacris
452 2009 589 2098 suerint,
609 2021 663 2070 aut
682 2009 872 2091 dignitates,
899 2016 1108 2098 personatur,
1142 2010 1218 2074 offl-

200 2103 265 2175 cie,
286 2109 340 2160 aut
362 2095 514 2158 beneficia
535 2095 776 2182 qualiacumque
789 2097 987 2160 ecclesiastica
1007 2098 1218 2173 obtinuerint,

201 2187 242 2260 fi,
279 2175 537 2269 posteaquam1⁸)
560 2179 766 2266 abepiscopo
789 2185 855 2260 suo,
880 2183 977 2246 etiam
1000 2205 1058 2269 per
1079 2183 1218 2246 edictum

202 2272 385 2358 publicum,
417 2266 536 2329 moniti
561 2260 699 2345 suerint,
733 2268 897 2332 honellum
920 2265 1066 2332 habitum
1087 2269 1219 2331 clerica-

203 2361 285 2430 lem,
317 2355 452 2416 illorutn
485 2349 611 2426 ordini,
653 2371 689 2412 ac
720 2349 872 2434 dignitati
900 2366 1149 2435 congruentem,
1186 2364 1220 2416 et

202 2444 290 2525 juxta
313 2440 410 2523 ipsius
436 2437 580 2520 episcopi
603 2432 864 2515 ordinationem,
892 2451 925 2503 et
945 2439 1129 2503 mandatum
1153 2460 1221 2503 non

203 2524 391 2596 detulerint,
423 2541 480 2605 per
510 2521 746 2604 suspensionem
769 2525 806 2584 ab
829 2522 1013 2604 ordinibus,
1042 2547 1077 2588 ac
1101 2523 1220 2599 officio,

204 2622 237 2672 et
260 2608 434 2680 beneficio,
466 2625 502 2664 ac
523 2601 696 2680 sructibus,
724 2607 922 2688 redditibus,
954 2624 987 2674 et
1008 2611 1221 2698 proventibus

205 2698 347 2779 ipsorum
370 2689 617 2764 beneficiorum3
639 2711 697 2752 nec
719 2714 785 2756 non
804 2695 828 2757 li
850 2697 948 2760 l'emel
970 2697 1130 2782 correpti,
1162 2696 1222 2757 de·

205 2803 270 2840 nuo
294 2780 328 2839 in
349 2777 411 2837 hoc
435 2773 649 2859 deliquerint,
677 2777 775 2841 etiarn
805 2801 864 2865 per
893 2782 1112 2868 privationem
1147 2779 1222 2845 offl-

205 2866 338 2939 ciorum,
360 2873 391 2923 et
414 2860 641 2923 beneficiorum
665 2861 850 2946 hujusmodi
872 2872 1011 2931 coerceri
1026 2867 1157 2952 poffint,
1190 2877 1224 2928 et

206 2949 356 3023 debeant,
393 2943 707 3025 ¹9)conllitutionem
730 2947 904 3015 Clementia
930 2951 993 3032 V.,
1017 2953 1054 3016 in
1082 2952 1226 3021 concilio,

207 3032 387 3098 Viennensi
408 3030 547 3106 editam,
571 3025 605 3114 ξ)
624 3054 704 3118 quae
730 3035 865 3122 incipit,
903 3035 1103 3120 Quoniam,
1122 3037 1225 3102 inrio-

208 3119 313 3186 vando
327 3116 387 3201 ²⁰),
409 3129 441 3181 et
456 3114 654 3202 ampliando.
747 3193 752 3202 ι

214 3291 251 3300 ο·-

244 3379 290 3456 1‘6)
310 3388 522 3457 comprehense,
549 3387 595 3442 sed
613 3397 741 3455 exempta
760 3385 854 3453 Brit„
885 3385 976 3454 Virri„
994 3387 1088 3441 ntem.
1106 3416 1142 3426 —
1181 3387 1226 3455 17)

244 3477 312 3513 aero
337 3480 386 3516 om.
418 3461 509 3526 Virri,
533 3460 625 3511 Rham.
654 3483 688 3498 -·
732 3463 781 3523 18)
812 3456 951 3528 poslquam
976 3460 1012 3514 R.
1033 3459 1114 3515 Vct„
1140 3461 1227 3516 Bria..

249 3533 330 3595 Vera,
352 3531 443 3596 Virri,
464 3533 572 3589 Rtam„
589 3530 656 3586 Dtt..
678 3529 784 3595 Hora,
804 3532 868 3595 Va,
892 3529 966 3601 Citis]
984 3556 1020 3570 ·-
1056 3530 1106 3596 19)
1127 3527 1227 3584 secran-

245 3603 312 3654 dum
330 3601 393 3654 cdd.
412 3603 505 3670 Brix„
527 3601 773 3666 Vtrd.‚1rtem.-
808 3604 854 3669 20)
872 3597 1027 3655 invocando
1045 3600 1141 3668 arte,
1170 3600 1227 3657 Dis,

246 3706 420 3772 DClernerrt.
440 3709 470 3763 t.
488 3712 535 3764 ltl.
554 3714 596 3762 tlt.
616 3717 641 3768 1.
662 3725 686 3764 c.
705 3717 731 3768 2.
758 3707 792 3760 de
819 3710 867 3763 rit.
894 3719 922 3762 et
940 3701 1054 3761 hunela
1076 3705 1172 3760 cleric.
1190 3705 1228 3758 ci.

211 3815 214 3821 -
246 3779 369 3835 Gratian.
388 3781 469 3834 Decr.
487 3781 519 3835 P.
539 3783 572 3832 ll.
592 3779 663 3832 caus.
682 3789 726 3840 21.
752 3797 799 3848 qu.
819 3785 846 3839 4.
864 3794 889 3835 c.
907 3789 923 3838 1
942 3775 958 3830 s
973 3793 1001 3846 q.
1028 3776 1135 3832 Conctl.
1153 3777 1229 3831 Corr-

245 3848 387 3904 sreutiense
413 3851 533 3920 general.
555 3849 613 3907 soll.
628 3858 671 3912 43.
699 3852 734 3904 de
758 3855 808 3904 vlt.
832 3795 989 3925 etheaei.
1013 3848 1111 3912 electo,
1127 3847 1226 3918 (Manli

247 3923 281 3977 Τ.
302 3923 424 3978 xxvtt.
440 3939 469 3993 ρ.
479 3923 569 3988 1176)
1109 3965 1112 3972 ·

672 3970 681 4001 l
