2528 4522
193 261 273 335 234
411 242 505 345 App.
529 242 560 318 Ι.
583 244 632 334 ad
652 240 789 317 concis
807 243 977 360 Trident,

188 437 318 509 ‚semum
357 426 397 493 sd
420 426 483 495 Dei
510 428 748 516 omnipotentie
775 425 919 514 laudern,
957 425 997 493 de
1024 428 1202 494 eorundem

193 515 340 583 fratrum
359 513 536 583 nostrorum
563 519 713 593 consilio,
742 526 775 578 et
795 514 935 593 assensu,
963 515 999 581 in
1020 515 1200 580 consistorio

194 604 300 669 nostro
322 603 441 667 secreto
469 602 528 663 illa
555 600 687 680 omnia,¹
716 614 749 667 et
769 601 890 681 lingula
911 601 1097 664 auctoritate
1119 623 1203 687 apo-

120 721 123 727 ·
193 690 301 752 dolica
330 686 428 751 hodie
454 688 740 765 confirmavimus,
771 697 804 751 et
838 688 876 748 ab
908 687 1056 749 omnibus
1088 685 1202 749 Gbrilii

193 774 344 839 fidelibus
380 771 598 857 suscipienda,
631 795 666 838 ac
697 770 848 837 servanda
885 770 948 835 elie
982 773 1203 848 decrevimus,

192 861 271 923 ficut
306 860 421 921 horum
450 880 575 944 quoque
602 858 782 922 litterarum
818 868 929 920 tenore
961 858 999 918 ad
1031 858 1202 922 clariorem

194 944 341 1009 onmium
362 945 513 1007 notitiam
532 944 772 1018 confirmamus,
802 955 834 1005 et
854 943 990 1027 suscipi,
1021 946 1203 1006 observari-

194 1051 257 1117 que
278 1030 488 1093 decernimus.
541 1028 728 1093 Mendamus
757 1042 861 1092 autem
883 1029 919 1092 in
941 1029 1060 1092 virtute
1080 1028 1203 1092 sanctae

195 1116 417 1192 obedientiae,
437 1127 468 1178 et
488 1118 545 1178 sub
567 1117 681 1200 poenis
703 1114 834 1180 alacris
857 1115 1029 1177 canonibus
1050 1115 1205 1177 constitu-

194 1200 258 1278 tis,
287 1202 361 1265 aliis
386 1223 424 1263 ue
452 1201 671 1280 gravioribus,
696 1202 799 1265 etiam
823 1199 1035 1287 privationis,
1068 1202 1203 1262 arbitrio

195 1287 299 1351 nostro
323 1224 528 1371 indigepdis,
557 1286 730 1364 universis,
761 1298 794 1350 et
814 1286 945 1366 lingulis
967 1287 1205 1348 venerabilibus

196 1370 346 1436 iratribus
368 1372 500 1446 nostris,
521 1372 723 1457 patriarchis,
743 1369 1010 1456 archiepiscopis,
1033 1372 1206 1456 episeopis,

195 1472 228 1521 et
248 1459 324 1520 aliis
356 1458 524 1545 quibusvis
556 1459 752 1523 ecclesiarum
783 1458 952 1544 praelatis,
983 1454 1206 1542 urjuscumque

194 1543 304 1620 dotus,
326 1543 455 1623 gradus,
477 1540 616 1619 ordinis,
638 1556 670 1605 et
691 1543 857 1624 diguitatis
878 1543 949 1618 lint,
973 1544 1068 1605 etiam
1089 1543 1113 1603 li
1135 1564 1206 1604 cur-

195 1628 358 1691 diualatus
386 1630 511 1691 honore
539 1624 776 1714 praefulgeant,
811 1638 845 1691 ut
865 1628 975 1690 eadem
999 1626 1140 1705 decreta,
1172 1638 1206 1690 et

196 1714 305 1776 slatuta
326 1714 362 1777 in
382 1714 518 1777 ecctefiis
537 1713 620 1790 sois,
642 1714 848 1790 civitatibus,
876 1725 907 1776 et
928 1712 1137 1791 dioecesibus,
1168 1713 1205 1775 in

195 1798 333 1883 judicio,
365 1810 398 1861 et
423 1810 514 1861 extra
539 1797 692 1881 judicium
718 1800 892 1879 diligenter
913 1800 1099 1875 observent,
1135 1806 1206 1860 ete

174 1868 333 1948 ⁸subditis
353 1883 486 1970 quisque
506 1885 591 1963 suis,
611 1885 648 1948 ed
670 1905 750 1971 quos
770 1882 1012 1971 quomodolibet
1033 1883 1207 1968 pertinent,

196 1968 436 2032 inviolabiliter
456 1965 574 2032 saciant
601 1968 783 2034 observari:
811 1970 1062 2034 contradictores
1084 1968 1207 2054 quosli-

177 2056 267 2130 sset,
283 2067 316 2118 et
336 2066 544 2132 contumaces,
571 2076 628 2140 per
645 2055 836 2132 sententies,
855 2060 1012 2131 censuras,
1033 2065 1066 2119 et
1084 2074 1207 2140 poenas

198 2141 434 2217 ecclesiasticas,
456 2141 555 2205 etiam
574 2144 609 2204 in
630 2142 708 2227 ipsse
727 2141 864 2206 decretis
885 2151 1069 2216 contentas,
1089 2141 1206 2225 appel-

198 2226 322 2289 latione
350 2226 531 2313 postposito,
565 2227 811 2313 compescendo:
845 2227 997 2291 invocato
1033 2225 1148 2304 etiam,
1182 2225 1206 2287 ii

200 2334 282 2397 opus
306 2309 419 2390 suerit,
457 2313 579 2376 brachii
608 2314 776 2379 saecularis
805 2313 941 2380 auxilio.
998 2308 1107 2396 Ipsum
1125 2332 1205 2374 vero

196 2398 386 2462 carissimum
416 2400 521 2462 silium
553 2399 691 2463 nostrum
718 2400 947 2484 imperatorem
967 2398 1120 2473 electum,
1152 2418 1207 2460 ce·

198 2494 347 2568 torosque
377 2505 487 2563 reges,
517 2485 730 2568 respublicas,
762 2506 797 2546 ac
825 2484 989 2570 principes
1011 2481 1205 2545 Chrillienos

197 2587 382 2637 monemus,
415 2579 447 2631 et
477 2589 535 2649 per
563 2568 679 2632 viscere
699 2568 935 2635 misericordiae
965 2569 1090 2631 domini
1110 2568 1206 2631 nostri

198 2650 271 2714 lesu
295 2650 407 2713 Christi
431 2652 633 2730 obtestemur,
667 2664 720 2729 ut,
753 2675 813 2740 qua
845 2653 964 2739 pietate
985 2654 1124 2716 concilio
1147 2674 1207 2737 per

199 2747 341 2799 oratores
363 2736 433 2799 loos
455 2737 631 2814 affuerunt,
652 2737 762 2802 eudem
785 2738 920 2825 pietate,
948 2759 983 2800 ac
1005 2739 1076 2822 pari
1095 2739 1205 2816 siudio,

198 2822 305 2885 divini
335 2822 490 2899 honoris,
529 2837 560 2884 et
583 2825 777 2910 populorum
809 2829 936 2888 suorum
964 2826 1075 2888 saturis
1107 2829 1207 2901 causa,

198 2929 259 2994 pro
282 2907 365 2973 sedis
392 2929 517 2995 quoque
537 2909 744 2994 apostolicae,
776 2920 809 2972 et
836 2902 938 2973 sacrae
964 2910 1082 2990 synodi
1112 2932 1205 2973 reve-

197 2994 318 3071 rentia,
353 2993 390 3056 ed
411 2994 550 3077 ejusdem
571 2995 699 3058 concilii
719 2996 923 3080 exequenda,
954 3007 988 3058 et
1010 2995 1205 3060 observanda

198 3080 320 3143 decreta
342 3082 510 3165 praelatis,
532 3101 603 3142 cum
625 3102 705 3165 opus
725 3076 841 3158 fuerit,
865 3080 1010 3160 auxilio,
1037 3093 1069 3144 et
1089 3078 1204 3144 favore

198 3169 255 3228 suo
278 3165 387 3240 adsint,
407 3188 510 3254 oeque
530 3166 732 3230 adversantes
758 3168 870 3245 sonae,
886 3189 922 3229 ac
941 3166 1071 3230 salutari
1092 3168 1204 3229 conci-

198 3250 239 3312 lii
261 3250 423 3314 doctrinae
444 3252 616 3337 opiniones
637 3273 654 3315 a
674 3255 805 3340 populis
830 3252 967 3316 ditionis
1000 3258 1072 3316 suae
1100 3253 1204 3336 recipi

137 3414 141 3423 Ι
199 3338 399 3420 permittant,
422 3341 473 3401 sed
492 3332 682 3423 esspenilus
695 3338 896 3404 interdicant.
927 3336 980 3404 Ad
995 3337 1160 3403 vitandum
1173 3337 1204 3422 ὅ)

198 3434 361 3505 praeterea
395 3425 646 3508 perversionem,
678 3435 711 3487 et
748 3420 979 3501 confusionem,
1012 3446 1091 3511 quae
1121 3424 1204 3486 oriri

199 3505 321 3590 pollet,
354 3509 568 3597 [iunicuiqua
589 3510 718 3588 liceret,
747 3522 846 3597 prout
866 3511 898 3574 ei
923 3512 1053 3587 liberet,
1086 3511 1122 3572 in
1144 3510 1204 3572 de-

198 3602 283 3655 creta
312 3593 442 3656 concilii
471 3596 734 3670 commentarios,
759 3607 792 3659 et
819 3597 1100 3682 interpretationes
1134 3599 1206 3657 suas

198 3675 310 3753 edere3
340 3679 506 3761 apostolice
527 3680 714 3745 auctoritate
736 3679 920 3746 inhibemus
941 3682 1104 3757 omnibus,
1136 3690 1202 3740 tem

199 3763 407 3826 ecclesiasticis
430 3767 593 3850 personis,
614 3767 833 3855 cujuscumque
853 3770 913 3832 lint
933 3769 1067 3846 ordinis,
1089 3766 1205 3828 condi-

235 3942 263 4008 3)
281 3939 417 3995 vitandam
438 3940 543 3999 Βανά,
559 3943 635 4002 Rom.
652 3943 693 4001 Μ.
712 3952 740 3997 et
758 3942 795 3997 ot.
