2528 4522
118 211 195 341 ”30
250 253 344 354 App,
367 254 394 327 1.
420 255 466 324 aa
491 252 626 322 conca.
653 253 815 324 Tmen
867 254 951 327 sen.
978 255 1041 328 vr.

143 443 298 519 tibus-et
315 437 344 529 ὅ)
367 439 555 527 aposlolicae
577 436 658 499 sedis
683 435 843 518 tegaris‘r),
868 438 906 500 ad
928 439 1154 505 restituendam

140 518 313 613 collapsam
335 526 506 589 admodum
527 523 757 587 ecelesiasticam
779 523 1002 610 disciplinam,
1040 527 1156 613 deprn·
1189 546 1192 555 ¹

140 626 298 698 vatesque
320 614 355 674 in
378 615 481 687 clero,
513 621 544 672 et
566 611 688 695 populo
713 607 888 672 Ghriliiano
911 632 1019 674 mores
1043 630 1157 676 ernen-

139 699 259 762 dandos
281 694 313 761 se
335 700 498 777 accingere
520 699 651 768 volens,
684 695 722 756 ab
744 695 805 766 iis,
831 696 887 781 qui
904 697 1081 778 majoribus
1103 721 1155 761 ec-

140 787 241 851 clesiis
267 789 434 870 praesunt,
471 782 600 844 initium
621 780 742 842 censuit
765 779 827 842 elle
851 783 1048 845 sumendum.
1098 781 1155 847 ln-

138 874 272 953 tegritas
294 873 380 931 enim
403 868 647 952 praesidentium
660 868 743 928 salus
765 865 804 928 eli
819 867 1030 929 subditorum.
1066 865 1155 932 Gon·

139 954 243 1018 fidens
266 956 372 1040 itaque
394 975 452 1040 per
468 952 613 1028 Domini,
636 972 670 1012 ac
686 949 750 1012 Dei
771 950 868 1013 nostri
891 953 1153 1031 misericordiam,

139 1040 372 1126 providamque
410 1039 507 1124 ipsius
538 1036 601 1099 Dei
642 1038 676 1098 in
708 1037 803 1123 terris
840 1038 955 1100 vicarii
988 1038 1152 1115 solertiam

50 1136 59 1163 ⁸
105 1132 117 1145 ”
140 1128 273 1188 omnino
306 1122 466 1202 futurum,
502 1134 535 1184 ut
567 1121 605 1184 ad
638 1122 834 1185 ecclesiarum
864 1124 1033 1204 regimen,
1072 1147 1152 1189 onus

140 1214 260 1298 quippe
286 1212 440 1292 angelicis
470 1209 616 1270 humeris
638 1203 897 1286 formidandum,
929 1211 985 1295 qui
1013 1212 1152 1275 maxime

140 1299 232 1377 digni
253 1293 394 1373 luerint,
426 1313 622 1381 quorumque
644 1294 735 1378 prior
756 1295 841 1366 vita,
874 1316 908 1369 ac
933 1296 1042 1359 crnnis
1067 1308 1150 1360 aetas

140 1404 158 1445 a
180 1384 359 1468 puerilibus
385 1379 530 1444 exordiis
555 1398 656 1464 usque
680 1378 716 1439 ad
740 1377 950 1465 perfectiores
968 1401 1073 1445 annos
1095 1404 1151 1469 per

139 1467 328 1555 disciplinae
348 1465 501 1551 stipendia
522 1463 737 1547 ecclesiasticae
758 1465 961 1528 laudabiliter
982 1479 1072 1544 acta,
1103 1480 1151 1531 te-

138 1554 320 1616 liirnonium
348 1555 515 1638 praebeat,
550 1549 722 1613 secundum
753 1553 952 1613 venerabiles
984 1555 1152 1617 beatorum

137 1636 164 1715 f)
176 1650 301 1723 patrum
324 1640 501 1701 sanctiones
513 1634 705 1698 assumantur
716 1651 725 1696 ε
735 1694 738 1701 ,
748 1657 858 1698 omnes
876 1637 1152 1722 patriarchalibus,

137 1725 389 1809 primatialibus,
411 1721 682 1805 metropolitanis,
705 1732 737 1782 et
758 1721 991 1784 cathedralibus
1012 1726 1172 1787 ecclesiiss

128 1809 405 1895 quibuscumque,
439 1809 556 1892 quovis
585 1808 739 1883 nornine,
779 1828 813 1869 ac
838 1808 930 1869 titulo
967 1805 1150 1894 praefectos

135 1907 264 1970 monet,
299 1916 333 1956 ac
361 1895 503 1957 monitos
531 1889 594 1954 else
624 1893 710 1959 vult,
744 1902 794 1968 ut,
816 1891 1061 1974 s)atrendenres
1083 1896 1152 1973 libi,

135 1985 170 2039 et
191 1976 350 2064 universo
369 1975 493 2063 gregi,
531 1975 568 2038 in
598 1996 662 2072 quo
686 1975 841 2061 Spiritus
868 1973 1013 2059 functus
1029 1976 1151 2065 posuit

136 2083 194 2125 eos
216 2083 335 2148 regere
356 2058 527 2147 ecclestom
539 2057 626 2132 Dee,
647 2080 751 2145 quam
772 2058 952 2147 acquistvit
966 2060 1152 2148 sanguine

135 2144 208 2226 suo,
230 2146 263 2226 ιι)
275 2148 425 2228 vigilent,
447 2147 521 2207 sicut
544 2143 716 2230 Apostolus
738 2148 909 2231 praecipit,
932 2143 968 2206 in
990 2144 1151 2210 omnibus

134 2234 295 2310 laborent,
320 2245 352 2295 et
373 2229 604 2319 ministerium
625 2236 714 2294 suurn
737 2233 909 2317 impleant:
931 2232 1070 2318 implere
1091 2254 1149 2295 au-

134 2328 200 2381 tem
234 2317 315 2381 illud
346 2323 378 2382 se
409 2337 605 2404 nequaquam
638 2314 726 2401 polle
758 2322 876 2395 sciant,
911 2316 1069 2399 ligreges
1091 2320 1148 2381 libi

135 2404 317 2466 commissos
339 2405 607 2466 mercenariorum
622 2424 712 2464 more
732 2400 896 2469 deserant:
918 2412 1011 2487 atque
1034 2405 1148 2466 ovium

135 2493 280 2564 suarum,
303 2483 433 2573 quarum
455 2485 616 2566 i>sanguis
640 2487 679 2549 de
702 2508 813 2550 eorum
829 2488 870 2550 eli
883 2491 1030 2552 inauribus
1053 2510 1071 2551 a
1093 2494 1147 2553 su-

135 2595 246 2656 premo
278 2574 379 2654 judice
413 2572 637 2657 requirendus,
672 2571 826 2635 custodiae
856 2575 991 2636 minime
1020 2575 1148 2638 incum-

62 2675 67 2683 ’
134 2662 226 2720 bant:
255 2679 325 2719 cum
348 2659 549 2720 certissimum
565 2658 603 2716 sit
624 2678 691 2719 non
713 2657 840 2720 admitti
861 2659 991 2744 palloris
1013 2666 1149 2723 excusa«

25 2742 29 2747 ’
132 2745 274 2820 tionem,
296 2744 319 2804 fi
339 2744 433 2828 lupus
451 2762 528 2804 oves
549 2742 697 2821 comedit,
722 2754 754 2805 et
774 2743 876 2830 pallor
900 2747 1009 2807 nescit.
1053 2740 1149 2824 Ac⁵l¹

131 2829 349 2891 nihilominus
373 2830 445 2914 quia
469 2829 639 2904 nonnulli,
674 2828 757 2915 quod
787 2830 993 2892 vehementer
1028 2829 1145 2895 dolen-

133 2914 282 2990 damasi,
307 2916 366 2974 ltoc
388 2925 533 2998 ternpore
555 2914 769 2997 reperiuntur,
794 2916 849 3000 qui
872 2911 1023 3000 propriae
1046 2918 1144 2981 etiem

132 3000 243 3062 l'alutis
266 3003 494 3074 immemores,
524 3009 712 3084 terrenaque
735 3001 930 3076 caelestibus,
962 3022 996 3062 ac
1018 3000 1143 3066 divinis

133 3084 269 3148 bumana
293 3081 529 3171 praeferentes,
561 3086 594 3144 in
619 3084 750 3146 diversis
772 3086 869 3147 curiis
890 3096 1063 3167 vagantur,
1090 3099 1144 3150 aut

89 3230 97 3250 ,
131 3172 167 3232 in
193 3177 394 3254 negotiorum
423 3170 650 3255 temporalium
680 3169 906 3248 solicitudine,
940 3172 1025 3235 ovili
1048 3172 1144 3236 dere·

165 3413 210 3478 3),
229 3424 256 3464 et
274 3431 322 3464 om·
339 3413 445 3472 Horti„
465 3414 528 3478 Vr„
554 3409 626 3481 Cbzs.
643 3434 678 3448 -·
722 3408 750 3473 sl)
769 3406 872 3460 eisdem
897 3435 931 3447 -
959 3408 1059 3477 legatis
1089 3374 1140 3462 oiri.

168 3483 259 3549 Virri,
276 3485 368 3538 erem.
385 3510 421 3527 -
456 3486 484 3551 5)
504 3484 542 3538 At
559 3485 652 3547 Brix·‚
674 3479 766 3536 Virri„
784 3479 878 3533 erem,

165 3592 291 3660 llCouc.
310 3592 393 3649 Laod.
416 3615 440 3648 a·
459 3600 520 3655 320.
546 3612 606 3650 carr.
626 3603 669 3654 12.
688 3590 787 3658 (Manli
804 3594 838 3645 Τ.
856 3595 892 3646 ΙΙ,
914 3608 940 3658 p.
960 3590 1050 3660 566.)‚
1076 3589 1142 3647 Sura

165 3666 219 3718 dic.
239 3675 270 3720 a.‘
282 3674 342 3728 3l7.
363 3674 475 3727 can.10.
492 3666 539 3731 (ib.
559 3668 592 3718 T:
609 3666 655 3718 ltl.
674 3665 778 3732 p.13.);
795 3661 904 3727 Caelest.
927 3666 945 3714 l.
963 3682 1007 3732 cp.
1027 3673 1053 3725 t1.
1073 3680 1097 3720 o,
1114 3672 1141 3724 3,

165 3737 248 3802 (Gall.
276 3738 307 3793 B.
336 3739 366 3792 P.
392 3740 442 3793 IX.
469 3755 495 3805 p.
515 3737 604 3804 291.);
634 3734 774 3788 Horrnisd.
797 3735 829 3789 Ρ.
856 3752 899 3802 ep.
919 3744 964 3793 25.
989 3737 1023 3787 ad
1052 3736 1140 3803 Eptlc.

164 3808 243 3874 Hisp.
270 3812 295 3874 §.
315 3819 340 3870 1·
358 3808 456 3876 (Manli
480 3811 513 3863 T.
536 3811 607 3861 Vlll.
634 3825 660 3874 p.
679 3807 767 3872 431.);
796 3807 869 3859 insra
893 3805 960 3858 sets.
979 3807 1091 3862 XXIV,
1105 3807 1139 3859 de

164 3881 274 3934 resorm.
294 3898 318 3935 c.
338 3891 362 3940 1.
387 3907 423 3920 -
467 3883 496 3947 g)
514 3879 576 3933 Act.
599 3887 649 3944 20,
666 3897 703 3937 ee.
721 3906 757 3915 -
803 3877 834 3943 h)
853 3887 870 3934 2
889 3879 962 3931 Tim.
979 3883 1013 3943 4,
1030 3894 1054 3935 5.
1077 3878 1139 3932 add.

163 3950 243 4006 Joan·
261 3961 303 4018 10,
322 3969 333 4007 t
353 3953 412 4020 l'qq.
430 3979 464 3991 -
499 3952 522 4017 i)
541 3952 590 4006 Ez.
602 3957 652 4016 -33,
669 3954 754 4011 saillis
772 3968 783 4007 r
801 3947 858 4018 sqq.
