<?xml version="1.0" encoding="UTF-8"?>
<!DOCTYPE html PUBLIC "-//W3C//DTD XHTML 1.0 Transitional//EN"
    "http://www.w3.org/TR/xhtml1/DTD/xhtml1-transitional.dtd">
<html xmlns="http://www.w3.org/1999/xhtml" xml:lang="en" lang="en">
 <head>
  <title>
</title>
<meta http-equiv="Content-Type" content="text/html;charset=utf-8" />
  <meta name='ocr-system' content='tesseract 3.04.00' />
  <meta name='ocr-capabilities' content='ocr_page ocr_carea ocr_par ocr_line ocrx_word'/>
</head>
<body>
  <div class='ocr_page' id='page_1' title='image "./librisymbolicie00stregoog/librisymbolicie00stregoog_0348.png"; bbox 0 0 2528 4522; ppageno 0'>
   <div class='ocr_carea' id='block_1_1' title="bbox 101 190 1147 351">
    <p class='ocr_par' dir='ltr' id='par_1_1' title="bbox 101 190 1147 351">
     <span class='ocr_line' id='line_1_1' title="bbox 101 190 1147 351; baseline 0.018 -41"><span class='ocrx_word' id='word_1_1' title='bbox 101 326 105 334; x_wconf 84' lang='lat'><em>.</em></span> <span class='ocrx_word' id='word_1_2' title='bbox 176 190 343 316; x_wconf 26' lang='lat' dir='ltr'>&#39;Profeffi</span> <span class='ocrx_word' id='word_1_3' title='bbox 368 241 453 314; x_wconf 89' lang='lat' dir='ltr'>fidei</span> <span class='ocrx_word' id='word_1_4' title='bbox 478 237 648 338; x_wconf 84' lang='lat' dir='ltr'>publicet.</span> <span class='ocrx_word' id='word_1_5' title='bbox 672 240 816 317; x_wconf 86' lang='lat' dir='ltr'>Romae</span> <span class='ocrx_word' id='word_1_6' title='bbox 838 229 998 351; x_wconf 70' lang='lat' dir='ltr'>Mutat</span> <span class='ocrx_word' id='word_1_7' title='bbox 1070 201 1147 340; x_wconf 66' lang='lat'>327</span> 
     </span>
    </p>
   </div>
   <div class='ocr_carea' id='block_1_2' title="bbox 129 423 1143 601">
    <p class='ocr_par' dir='ltr' id='par_1_2' title="bbox 129 423 1143 601">
     <span class='ocr_line' id='line_1_2' title="bbox 132 423 1143 522; baseline 0.013 -34"><span class='ocrx_word' id='word_1_8' title='bbox 132 425 226 511; x_wconf 84' lang='lat' dir='ltr'>culpa</span> <span class='ocrx_word' id='word_1_9' title='bbox 256 424 397 490; x_wconf 78' lang='lat' dir='ltr'>debitam</span> <span class='ocrx_word' id='word_1_10' title='bbox 427 423 589 505; x_wconf 76' lang='lat' dir='ltr'>remittit,</span> <span class='ocrx_word' id='word_1_11' title='bbox 613 425 713 491; x_wconf 66' lang='lat' dir='ltr'>,filios</span> <span class='ocrx_word' id='word_1_12' title='bbox 733 425 797 493; x_wconf 86' lang='lat' dir='ltr'>Dei</span> <span class='ocrx_word' id='word_1_13' title='bbox 828 428 927 494; x_wconf 87' lang='lat' dir='ltr'>efficit</span> <span class='ocrx_word' id='word_1_14' title='bbox 960 431 1143 522; x_wconf 83' lang='lat' dir='ltr'>adoptivos,</span> 
     </span>
     <span class='ocr_line' id='line_1_3' title="bbox 129 511 1087 601; baseline 0.01 -29"><span class='ocrx_word' id='word_1_15' title='bbox 129 514 234 596; x_wconf 83' lang='lat' dir='ltr'>aperit</span> <span class='ocrx_word' id='word_1_16' title='bbox 254 532 391 593; x_wconf 87' lang='lat' dir='ltr'>regnum</span> <span class='ocrx_word' id='word_1_17' title='bbox 410 511 597 591; x_wconf 88' lang='lat' dir='ltr'>coelorum,</span> <span class='ocrx_word' id='word_1_18' title='bbox 617 523 650 575; x_wconf 88' lang='lat' dir='ltr'>et</span> <span class='ocrx_word' id='word_1_19' title='bbox 671 515 782 576; x_wconf 89' lang='lat' dir='ltr'>iterari</span> <span class='ocrx_word' id='word_1_20' title='bbox 802 536 869 578; x_wconf 94' lang='lat' dir='ltr'>non</span> <span class='ocrx_word' id='word_1_21' title='bbox 889 518 1001 601; x_wconf 79' lang='lat' dir='ltr'>petest.</span> <span class='ocrx_word' id='word_1_22' title='bbox 1084 548 1087 555; x_wconf 58' lang='lat'><em>¹</em></span> 
     </span>
    </p>
   </div>
   <div class='ocr_carea' id='block_1_3' title="bbox 120 612 1189 2080">
    <p class='ocr_par' dir='ltr' id='par_1_3' title="bbox 124 612 1140 934">
     <span class='ocr_line' id='line_1_4' title="bbox 191 612 1140 702; baseline 0.013 -25"><span class='ocrx_word' id='word_1_23' title='bbox 191 613 231 679; x_wconf 91' lang='lat' dir='ltr'>In</span> <span class='ocrx_word' id='word_1_24' title='bbox 253 612 507 676; x_wconf 79' lang='lat' dir='ltr'>confirmatione</span> <span class='ocrx_word' id='word_1_25' title='bbox 541 615 633 678; x_wconf 87' lang='lat' dir='ltr'>datur</span> <span class='ocrx_word' id='word_1_26' title='bbox 660 616 762 696; x_wconf 90' lang='lat' dir='ltr'>gratia</span> <span class='ocrx_word' id='word_1_27' title='bbox 794 616 936 702; x_wconf 81' lang='lat' dir='ltr'><strong>Spiritus</strong></span> <span class='ocrx_word' id='word_1_28' title='bbox 965 614 1073 685; x_wconf 83' lang='lat' dir='ltr'>Sancti</span> <span class='ocrx_word' id='word_1_29' title='bbox 1105 647 1140 690; x_wconf 89' lang='lat' dir='ltr'>ac</span> 
     </span>
     <span class='ocr_line' id='line_1_5' title="bbox 126 698 1140 776; baseline 0.01 -15"><span class='ocrx_word' id='word_1_30' title='bbox 126 701 239 776; x_wconf 89' lang='lat' dir='ltr'>robur,</span> <span class='ocrx_word' id='word_1_31' title='bbox 274 711 310 761; x_wconf 91' lang='lat' dir='ltr'>ut</span> <span class='ocrx_word' id='word_1_32' title='bbox 330 698 522 761; x_wconf 85' lang='lat' dir='ltr'>Christianus</span> <span class='ocrx_word' id='word_1_33' title='bbox 543 700 688 764; x_wconf 77' lang='lat' dir='ltr'>audacter</span> <span class='ocrx_word' id='word_1_34' title='bbox 708 700 822 765; x_wconf 81' lang='lat' dir='ltr'>Christi</span> <span class='ocrx_word' id='word_1_35' title='bbox 838 700 966 769; x_wconf 73' lang='lat' dir='ltr'>&#39;nomen</span> <span class='ocrx_word' id='word_1_36' title='bbox 986 702 1140 771; x_wconf 59' lang='lat' dir='ltr'>confiteo-&#39;-</span> 
     </span>
     <span class='ocr_line' id='line_1_6' title="bbox 125 766 1140 880; baseline 0.012 -34"><span class='ocrx_word' id='word_1_37' title='bbox 125 797 200 847; x_wconf 87' lang='lat' dir='ltr'>tur.·</span> <span class='ocrx_word' id='word_1_38' title='bbox 232 781 419 848; x_wconf 87' lang='lat' dir='ltr'>Ordinarius</span> <span class='ocrx_word' id='word_1_39' title='bbox 441 766 518 849; x_wconf 75' lang='lat' dir='ltr'>iero</span> <span class='ocrx_word' id='word_1_40' title='bbox 542 784 804 850; x_wconf 75' lang='lat' dir='ltr'>confirmationis</span> <span class='ocrx_word' id='word_1_41' title='bbox 830 790 972 855; x_wconf 82' lang='lat' dir='ltr'>minister</span> <span class='ocrx_word' id='word_1_42' title='bbox 993 793 1034 855; x_wconf 85' lang='lat' dir='ltr'>est</span> <span class='ocrx_word' id='word_1_43' title='bbox 1055 790 1140 880; x_wconf 88' lang='lat' dir='ltr'>Epi-</span> 
     </span>
     <span class='ocr_line' id='line_1_7' title="bbox 124 876 1062 934; baseline 0.003 0"><span class='ocrx_word' id='word_1_44' title='bbox 124 876 178 934; x_wconf 86' lang='lat' dir='ltr'>l&#39;co</span> <span class='ocrx_word' id='word_1_45' title='bbox 204 891 251 932; x_wconf 73' lang='lat' dir='ltr'>ue.</span> <span class='ocrx_word' id='word_1_46' title='bbox 854 890 856 895; x_wconf 88' lang='lat'>&#39;</span> <span class='ocrx_word' id='word_1_47' title='bbox 1012 897 1015 901; x_wconf 84' lang='lat'>·</span> <span class='ocrx_word' id='word_1_48' title='bbox 1056 878 1062 884; x_wconf 73' lang='grc'>’</span> 
     </span>
    </p>

    <p class='ocr_par' dir='ltr' id='par_1_4' title="bbox 124 893 1189 1290">
     <span class='ocr_line' id='line_1_8' title="bbox 179 893 1189 1041; baseline 0.012 -24"><span class='ocrx_word' id='word_1_49' title='bbox 179 893 315 1017; x_wconf 68' lang='lat' dir='ltr'>Pme</span> <span class='ocrx_word' id='word_1_50' title='bbox 337 951 450 1017; x_wconf 83' lang='lat' dir='ltr'>Christi</span> <span class='ocrx_word' id='word_1_51' title='bbox 477 975 595 1041; x_wconf 86' lang='lat' dir='ltr'>corpus</span> <span class='ocrx_word' id='word_1_52' title='bbox 619 954 657 1019; x_wconf 92' lang='lat' dir='ltr'>in</span> <span class='ocrx_word' id='word_1_53' title='bbox 680 955 883 1024; x_wconf 71' lang='lat' dir='ltr'>sacramento</span> <span class='ocrx_word' id='word_1_54' title='bbox 908 954 1053 1040; x_wconf 84' lang='lat' dir='ltr'>Altaris,</span> <span class='ocrx_word' id='word_1_55' title='bbox 1084 950 1139 1025; x_wconf 83' lang='lat' dir='ltr'>to·</span> <span class='ocrx_word' id='word_1_56' title='bbox 1187 1024 1189 1029; x_wconf 88' lang='lat'><em>.</em></span> 
     </span>
     <span class='ocr_line' id='line_1_9' title="bbox 124 1037 1139 1132; baseline 0.008 -30"><span class='ocrx_word' id='word_1_57' title='bbox 124 1052 238 1125; x_wconf 88' lang='lat' dir='ltr'>tusque</span> <span class='ocrx_word' id='word_1_58' title='bbox 262 1037 401 1101; x_wconf 76' lang='lat' dir='ltr'>Christus</span> <span class='ocrx_word' id='word_1_59' title='bbox 422 1041 477 1104; x_wconf 84' lang='lat' dir='ltr'>sub</span> <span class='ocrx_word' id='word_1_60' title='bbox 500 1042 606 1127; x_wconf 82' lang='lat' dir='ltr'>specie</span> <span class='ocrx_word' id='word_1_61' title='bbox 634 1053 700 1104; x_wconf 87' lang='lat' dir='ltr'>tam</span> <span class='ocrx_word' id='word_1_62' title='bbox 722 1043 816 1128; x_wconf 85' lang='lat' dir='ltr'>panis</span> <span class='ocrx_word' id='word_1_63' title='bbox 842 1067 936 1132; x_wconf 87' lang='lat' dir='ltr'>quam</span> <span class='ocrx_word' id='word_1_64' title='bbox 957 1048 1037 1111; x_wconf 56' lang='lat' dir='ltr'>»vini</span> <span class='ocrx_word' id='word_1_65' title='bbox 1065 1054 1139 1111; x_wconf 85' lang='lat' dir='ltr'>ree-¹</span> 
     </span>
     <span class='ocr_line' id='line_1_10' title="bbox 124 1125 1138 1218; baseline 0.008 -32"><span class='ocrx_word' id='word_1_66' title='bbox 124 1128 200 1187; x_wconf 88' lang='lat' dir='ltr'>liter</span> <span class='ocrx_word' id='word_1_67' title='bbox 216 1125 408 1202; x_wconf 71' lang='lat' dir='ltr'>continetur,</span> <span class='ocrx_word' id='word_1_68' title='bbox 428 1127 725 1191; x_wconf 78' lang='lat' dir='ltr'>transsubstantiatio</span> <span class='ocrx_word' id='word_1_69' title='bbox 738 1149 821 1214; x_wconf 88' lang='lat' dir='ltr'>pane</span> <span class='ocrx_word' id='word_1_70' title='bbox 835 1132 871 1194; x_wconf 92' lang='lat' dir='ltr'>in</span> <span class='ocrx_word' id='word_1_71' title='bbox 885 1153 1001 1218; x_wconf 85' lang='lat' dir='ltr'>corpus</span> <span class='ocrx_word' id='word_1_72' title='bbox 1014 1131 1138 1213; x_wconf 79' lang='lat' dir='ltr'>Christi,</span> 
     </span>
     <span class='ocr_line' id='line_1_11' title="bbox 124 1210 1117 1290; baseline 0.002 -16"><span class='ocrx_word' id='word_1_73' title='bbox 124 1211 205 1275; x_wconf 84' lang='lat' dir='ltr'>vino</span> <span class='ocrx_word' id='word_1_74' title='bbox 224 1210 260 1273; x_wconf 92' lang='lat' dir='ltr'>in</span> <span class='ocrx_word' id='word_1_75' title='bbox 280 1210 483 1290; x_wconf 82' lang='lat' dir='ltr'>sanguinem,</span> <span class='ocrx_word' id='word_1_76' title='bbox 504 1214 626 1286; x_wconf 86' lang='lat' dir='ltr'>virtute</span> <span class='ocrx_word' id='word_1_77' title='bbox 647 1213 770 1275; x_wconf 82' lang='lat' dir='ltr'>divina.</span> <span class='ocrx_word' id='word_1_78' title='bbox 827 1252 830 1257; x_wconf 92' lang='lat'><em>-</em></span> <span class='ocrx_word' id='word_1_79' title='bbox 966 1235 969 1241; x_wconf 74' lang='grc'><strong>’</strong></span> <span class='ocrx_word' id='word_1_80' title='bbox 1116 1252 1117 1255; x_wconf 60' lang='lat'><em>=</em></span> 
     </span>
    </p>

    <p class='ocr_par' dir='ltr' id='par_1_5' title="bbox 123 1311 1137 1483">
     <span class='ocr_line' id='line_1_12' title="bbox 184 1311 1137 1392; baseline 0.005 -18"><span class='ocrx_word' id='word_1_81' title='bbox 184 1311 378 1375; x_wconf 84' lang='lat' dir='ltr'>Eucharistia</span> <span class='ocrx_word' id='word_1_82' title='bbox 409 1335 477 1376; x_wconf 94' lang='lat' dir='ltr'>non</span> <span class='ocrx_word' id='word_1_83' title='bbox 507 1315 610 1377; x_wconf 83' lang='lat' dir='ltr'>solum</span> <span class='ocrx_word' id='word_1_84' title='bbox 631 1311 870 1379; x_wconf 77' lang='lat' dir='ltr'><strong>Sacramentum</strong></span> <span class='ocrx_word' id='word_1_85' title='bbox 897 1314 956 1392; x_wconf 84' lang='lat' dir='ltr'>est,</span> <span class='ocrx_word' id='word_1_86' title='bbox 989 1325 1021 1378; x_wconf 89' lang='lat' dir='ltr'>et</span> <span class='ocrx_word' id='word_1_87' title='bbox 1048 1316 1137 1380; x_wconf 86' lang='lat' dir='ltr'>cibus</span> 
     </span>
     <span class='ocr_line' id='line_1_13' title="bbox 123 1397 1137 1483; baseline 0.004 -22"><span class='ocrx_word' id='word_1_88' title='bbox 123 1397 248 1463; x_wconf 86' lang='lat' dir='ltr'>animae</span> <span class='ocrx_word' id='word_1_89' title='bbox 270 1398 464 1483; x_wconf 85' lang='lat' dir='ltr'>spiritualis,</span> <span class='ocrx_word' id='word_1_90' title='bbox 494 1398 548 1461; x_wconf 79' lang='lat' dir='ltr'>fed</span> <span class='ocrx_word' id='word_1_91' title='bbox 570 1399 667 1462; x_wconf 87' lang='lat' dir='ltr'>etiam</span> <span class='ocrx_word' id='word_1_92' title='bbox 687 1420 792 1464; x_wconf 85' lang='lat' dir='ltr'>novae</span> <span class='ocrx_word' id='word_1_93' title='bbox 813 1399 1137 1482; x_wconf 74' lang='lat' dir='ltr'>Legissecrificium,</span> 
     </span>
    </p>

    <p class='ocr_par' dir='ltr' id='par_1_6' title="bbox 123 1480 1137 1634">
     <span class='ocr_line' id='line_1_14' title="bbox 147 1480 1137 1573; baseline 0.005 -27"><span class='ocrx_word' id='word_1_94' title='bbox 147 1483 208 1546; x_wconf 92' lang='lat' dir='ltr'>uod</span> <span class='ocrx_word' id='word_1_95' title='bbox 231 1484 268 1545; x_wconf 90' lang='lat' dir='ltr'>in</span> <span class='ocrx_word' id='word_1_96' title='bbox 288 1485 477 1551; x_wconf 78' lang='lat' dir='ltr'><strong>memoriam</strong></span> <span class='ocrx_word' id='word_1_97' title='bbox 498 1484 650 1571; x_wconf 86' lang='lat' dir='ltr'>paffiouis</span> <span class='ocrx_word' id='word_1_98' title='bbox 671 1481 787 1548; x_wconf 83' lang='lat' dir='ltr'>Christi</span> <span class='ocrx_word' id='word_1_99' title='bbox 807 1502 868 1573; x_wconf 84' lang='lat' dir='ltr'>pro</span> <span class='ocrx_word' id='word_1_100' title='bbox 891 1480 979 1550; x_wconf 84' lang='lat' dir='ltr'>vivis</span> <span class='ocrx_word' id='word_1_101' title='bbox 1013 1497 1045 1549; x_wconf 91' lang='lat' dir='ltr'>et</span> <span class='ocrx_word' id='word_1_102' title='bbox 1078 1487 1137 1565; x_wconf 83' lang='lat' dir='ltr'>de·¹</span> 
     </span>
     <span class='ocr_line' id='line_1_15' title="bbox 123 1507 1034 1634; baseline -0.002 0"><span class='ocrx_word' id='word_1_103' title='bbox 123 1507 404 1634; x_wconf 57' lang='lat' dir='ltr'>iunctisoffertur.</span> <span class='ocrx_word' id='word_1_104' title='bbox 825 1584 827 1593; x_wconf 89' lang='lat'>&#39;</span> <span class='ocrx_word' id='word_1_105' title='bbox 968 1577 971 1583; x_wconf 86' lang='lat'>&#39;</span> <span class='ocrx_word' id='word_1_106' title='bbox 1030 1590 1034 1597; x_wconf 86' lang='lat'><strong>·</strong></span> 
     </span>
    </p>

    <p class='ocr_par' dir='ltr' id='par_1_7' title="bbox 123 1651 1135 1826">
     <span class='ocr_line' id='line_1_16' title="bbox 185 1651 1135 1735; baseline 0.004 -19"><span class='ocrx_word' id='word_1_107' title='bbox 185 1653 234 1716; x_wconf 75' lang='lat' dir='ltr'>Etr</span> <span class='ocrx_word' id='word_1_108' title='bbox 255 1667 361 1716; x_wconf 87' lang='lat' dir='ltr'>autem</span> <span class='ocrx_word' id='word_1_109' title='bbox 381 1654 416 1715; x_wconf 92' lang='lat' dir='ltr'>in</span> <span class='ocrx_word' id='word_1_110' title='bbox 437 1651 501 1717; x_wconf 91' lang='lat' dir='ltr'>hoc</span> <span class='ocrx_word' id='word_1_111' title='bbox 522 1652 724 1717; x_wconf 86' lang='lat' dir='ltr'>Sacramenta</span> <span class='ocrx_word' id='word_1_112' title='bbox 741 1652 880 1718; x_wconf 79' lang='lat' dir='ltr'>Christus</span> <span class='ocrx_word' id='word_1_113' title='bbox 903 1655 989 1718; x_wconf 89' lang='lat' dir='ltr'>cultu</span> <span class='ocrx_word' id='word_1_114' title='bbox 1011 1653 1135 1735; x_wconf 83' lang='lat' dir='ltr'>latriae,</span> 
     </span>
     <span class='ocr_line' id='line_1_17' title="bbox 123 1737 746 1826; baseline 0.003 -24"><span class='ocrx_word' id='word_1_115' title='bbox 123 1739 179 1826; x_wconf 84' lang='lat' dir='ltr'>qui</span> <span class='ocrx_word' id='word_1_116' title='bbox 200 1759 280 1802; x_wconf 76' lang='lat' dir='ltr'>vero</span> <span class='ocrx_word' id='word_1_117' title='bbox 293 1737 369 1802; x_wconf 82' lang='lat' dir='ltr'>Deo</span> <span class='ocrx_word' id='word_1_118' title='bbox 391 1738 539 1814; x_wconf 90' lang='lat' dir='ltr'>debetur,</span> <span class='ocrx_word' id='word_1_119' title='bbox 559 1737 746 1804; x_wconf 84' lang='lat' dir='ltr'>adorandus.</span> 
     </span>
    </p>

    <p class='ocr_par' dir='ltr' id='par_1_8' title="bbox 120 1820 1136 2080">
     <span class='ocr_line' id='line_1_18' title="bbox 185 1820 1136 1909; baseline 0.003 -22"><span class='ocrx_word' id='word_1_120' title='bbox 185 1823 275 1887; x_wconf 87' lang='lat' dir='ltr'>Laici</span> <span class='ocrx_word' id='word_1_121' title='bbox 305 1826 360 1888; x_wconf 83' lang='lat' dir='ltr'>sub</span> <span class='ocrx_word' id='word_1_122' title='bbox 391 1823 458 1887; x_wconf 80' lang='lat' dir='ltr'>[ula</span> <span class='ocrx_word' id='word_1_123' title='bbox 481 1824 580 1909; x_wconf 45' lang='lat' dir='ltr'>*panis</span> <span class='ocrx_word' id='word_1_124' title='bbox 606 1826 712 1909; x_wconf 76' lang='lat' dir='ltr'>specie</span> <span class='ocrx_word' id='word_1_125' title='bbox 744 1823 906 1903; x_wconf 89' lang='lat' dir='ltr'>integrum</span> <span class='ocrx_word' id='word_1_126' title='bbox 926 1820 1041 1888; x_wconf 83' lang='lat' dir='ltr'>Christi</span> <span class='ocrx_word' id='word_1_127' title='bbox 1062 1846 1136 1890; x_wconf 87' lang='lat' dir='ltr'>cor·-</span> 
     </span>
     <span class='ocr_line' id='line_1_19' title="bbox 120 1907 1135 1994; baseline 0.005 -24"><span class='ocrx_word' id='word_1_128' title='bbox 120 1930 182 1994; x_wconf 84' lang='lat' dir='ltr'>pus</span> <span class='ocrx_word' id='word_1_129' title='bbox 204 1922 235 1972; x_wconf 88' lang='lat' dir='ltr'>et</span> <span class='ocrx_word' id='word_1_130' title='bbox 266 1908 470 1990; x_wconf 80' lang='lat' dir='ltr'>sanguinem,</span> <span class='ocrx_word' id='word_1_131' title='bbox 507 1920 612 1971; x_wconf 90' lang='lat' dir='ltr'>totum</span> <span class='ocrx_word' id='word_1_132' title='bbox 631 1908 788 1973; x_wconf 86' lang='lat' dir='ltr'>Christum</span> <span class='ocrx_word' id='word_1_133' title='bbox 815 1907 971 1973; x_wconf 85' lang='lat' dir='ltr'>veraciter</span> <span class='ocrx_word' id='word_1_134' title='bbox 996 1910 1135 1992; x_wconf 81' lang='lat' dir='ltr'>sumunt,</span> 
     </span>
     <span class='ocr_line' id='line_1_20' title="bbox 121 1991 1072 2080; baseline 0.001 -23"><span class='ocrx_word' id='word_1_135' title='bbox 121 1995 299 2080; x_wconf 86' lang='lat' dir='ltr'>divinoque</span> <span class='ocrx_word' id='word_1_136' title='bbox 321 2004 491 2080; x_wconf 87' lang='lat' dir='ltr'>praecepto</span> <span class='ocrx_word' id='word_1_137' title='bbox 513 1991 721 2061; x_wconf 83' lang='lat' dir='ltr'>satisfaciunt.</span> <span class='ocrx_word' id='word_1_138' title='bbox 997 1994 1012 2019; x_wconf 77' lang='grc'><em>”</em></span> <span class='ocrx_word' id='word_1_139' title='bbox 1069 2002 1072 2007; x_wconf 86' lang='grc'><strong>“</strong></span> 
     </span>
    </p>
   </div>
   <div class='ocr_carea' id='block_1_4' title="bbox 120 2088 1243 2603">
    <p class='ocr_par' dir='ltr' id='par_1_9' title="bbox 120 2088 1243 2499">
     <span class='ocr_line' id='line_1_21' title="bbox 183 2088 1234 2182; baseline 0.003 -23"><span class='ocrx_word' id='word_1_140' title='bbox 183 2097 418 2160; x_wconf 79' lang='lat' dir='ltr'>Sacramentum</span> <span class='ocrx_word' id='word_1_141' title='bbox 435 2095 657 2160; x_wconf 84' lang='lat' dir='ltr'>Poenitentiee</span> <span class='ocrx_word' id='word_1_142' title='bbox 674 2095 767 2182; x_wconf 84' lang='lat' dir='ltr'>leptis</span> <span class='ocrx_word' id='word_1_143' title='bbox 788 2092 856 2179; x_wconf 83' lang='lat' dir='ltr'>post</span> <span class='ocrx_word' id='word_1_144' title='bbox 875 2088 1073 2179; x_wconf 79' lang='lat' dir='ltr'>Baptismu&#39;m</span> <span class='ocrx_word' id='word_1_145' title='bbox 1094 2099 1135 2175; x_wconf 84' lang='lat' dir='ltr'>est</span> <span class='ocrx_word' id='word_1_146' title='bbox 1229 2104 1234 2121; x_wconf 88' lang='lat'><em>¹</em></span> 
     </span>
     <span class='ocr_line' id='line_1_22' title="bbox 121 2178 1133 2265; baseline 0.003 -23"><span class='ocrx_word' id='word_1_147' title='bbox 121 2179 314 2243; x_wconf 83' lang='lat' dir='ltr'>adsalutem</span> <span class='ocrx_word' id='word_1_148' title='bbox 334 2178 559 2259; x_wconf 56' lang='lat' dir='ltr'>neceffarium,</span> <span class='ocrx_word' id='word_1_149' title='bbox 599 2179 701 2262; x_wconf 88' lang='lat' dir='ltr'>Hujus</span> <span class='ocrx_word' id='word_1_150' title='bbox 723 2200 804 2241; x_wconf 81' lang='lat' dir='ltr'>vero</span> <span class='ocrx_word' id='word_1_151' title='bbox 826 2193 891 2239; x_wconf 86' lang='lat' dir='ltr'>tres</span> <span class='ocrx_word' id='word_1_152' title='bbox 912 2185 985 2243; x_wconf 86' lang='lat' dir='ltr'>tunt</span> <span class='ocrx_word' id='word_1_153' title='bbox 1006 2178 1133 2265; x_wconf 80' lang='lat' dir='ltr'>partes:</span> 
     </span>
     <span class='ocr_line' id='line_1_23' title="bbox 122 2259 1134 2346; baseline 0.003 -20"><span class='ocrx_word' id='word_1_154' title='bbox 122 2265 230 2327; x_wconf 90' lang='lat' dir='ltr'>cordis</span> <span class='ocrx_word' id='word_1_155' title='bbox 253 2265 425 2340; x_wconf 87' lang='lat' dir='ltr'>contritio,</span> <span class='ocrx_word' id='word_1_156' title='bbox 455 2264 521 2325; x_wconf 86' lang='lat' dir='ltr'>oris</span> <span class='ocrx_word' id='word_1_157' title='bbox 544 2263 707 2345; x_wconf 83' lang='lat' dir='ltr'>Sacerdoti</span> <span class='ocrx_word' id='word_1_158' title='bbox 727 2259 984 2346; x_wconf 85' lang='lat' dir='ltr'>jurisdictionem</span> <span class='ocrx_word' id='word_1_159' title='bbox 1006 2268 1134 2329; x_wconf 84' lang='lat' dir='ltr'>habenti</span> 
     </span>
     <span class='ocr_line' id='line_1_24' title="bbox 120 2344 1243 2444; baseline 0.004 -33"><span class='ocrx_word' id='word_1_160' title='bbox 120 2349 246 2430; x_wconf 89' lang='lat' dir='ltr'>integra</span> <span class='ocrx_word' id='word_1_161' title='bbox 267 2348 467 2433; x_wconf 75' lang='lat' dir='ltr'>peccatorum</span> <span class='ocrx_word' id='word_1_162' title='bbox 489 2345 657 2428; x_wconf 82' lang='lat' dir='ltr'>confeffio,</span> <span class='ocrx_word' id='word_1_163' title='bbox 686 2358 718 2411; x_wconf 89' lang='lat' dir='ltr'>et</span> <span class='ocrx_word' id='word_1_164' title='bbox 737 2344 777 2408; x_wconf 90' lang='lat' dir='ltr'>ad</span> <span class='ocrx_word' id='word_1_165' title='bbox 794 2345 968 2428; x_wconf 74' lang='lat' dir='ltr'>arbitrium</span> <span class='ocrx_word' id='word_1_166' title='bbox 990 2345 1134 2444; x_wconf 85' lang='lat' dir='ltr'>ejusdem</span> <span class='ocrx_word' id='word_1_167' title='bbox 1163 2400 1167 2407; x_wconf 83' lang='lat'><em>.</em></span> <span class='ocrx_word' id='word_1_168' title='bbox 1236 2372 1243 2382; x_wconf 88' lang='lat'>·</span> 
     </span>
     <span class='ocr_line' id='line_1_25' title="bbox 122 2427 516 2499; baseline -0.018 0"><span class='ocrx_word' id='word_1_169' title='bbox 122 2432 307 2499; x_wconf 84' lang='lat' dir='ltr'>Sacerdotis</span> <span class='ocrx_word' id='word_1_170' title='bbox 332 2427 516 2497; x_wconf 82' lang='lat' dir='ltr'>satisfactio.</span> 
     </span>
    </p>

    <p class='ocr_par' dir='ltr' id='par_1_10' title="bbox 185 2511 1133 2603">
     <span class='ocr_line' id='line_1_26' title="bbox 185 2511 1133 2603; baseline -0.003 -20"><span class='ocrx_word' id='word_1_171' title='bbox 185 2521 222 2583; x_wconf 89' lang='lat' dir='ltr'>Si</span> <span class='ocrx_word' id='word_1_172' title='bbox 249 2540 329 2583; x_wconf 83' lang='lat' dir='ltr'>vero</span> <span class='ocrx_word' id='word_1_173' title='bbox 358 2518 561 2603; x_wconf 88' lang='lat' dir='ltr'>poenitentes</span> <span class='ocrx_word' id='word_1_174' title='bbox 589 2511 635 2579; x_wconf 82' lang='lat' dir='ltr'>tin</span> <span class='ocrx_word' id='word_1_175' title='bbox 665 2511 728 2576; x_wconf 84' lang='lat' dir='ltr'>Dei</span> <span class='ocrx_word' id='word_1_176' title='bbox 751 2513 906 2594; x_wconf 88' lang='lat' dir='ltr'>charitate</span> <span class='ocrx_word' id='word_1_177' title='bbox 936 2513 1133 2596; x_wconf 68' lang='lat' dir='ltr'>decesserint,</span> 
     </span>
    </p>
   </div>
   <div class='ocr_carea' id='block_1_5' title="bbox 119 2594 1209 3728">
    <p class='ocr_par' dir='ltr' id='par_1_11' title="bbox 119 2594 1135 3196">
     <span class='ocr_line' id='line_1_27' title="bbox 121 2594 1134 2692; baseline -0.001 -25"><span class='ocrx_word' id='word_1_178' title='bbox 121 2615 289 2692; x_wconf 88' lang='lat' dir='ltr'>antequam</span> <span class='ocrx_word' id='word_1_179' title='bbox 302 2600 410 2683; x_wconf 86' lang='lat' dir='ltr'>dignis</span> <span class='ocrx_word' id='word_1_180' title='bbox 422 2600 639 2687; x_wconf 88' lang='lat' dir='ltr'>poenitentiae</span> <span class='ocrx_word' id='word_1_181' title='bbox 660 2594 817 2662; x_wconf 85' lang='lat' dir='ltr'>fructibus</span> <span class='ocrx_word' id='word_1_182' title='bbox 834 2599 874 2664; x_wconf 95' lang='lat' dir='ltr'>de</span> <span class='ocrx_word' id='word_1_183' title='bbox 890 2602 1134 2687; x_wconf 88' lang='lat' dir='ltr'>peccatis&#39;com-</span> 
     </span>
     <span class='ocr_line' id='line_1_28' title="bbox 119 2682 1135 2773; baseline -0.001 -21"><span class='ocrx_word' id='word_1_184' title='bbox 119 2692 220 2754; x_wconf 81' lang='lat' dir='ltr'>mittis</span> <span class='ocrx_word' id='word_1_185' title='bbox 250 2701 284 2754; x_wconf 90' lang='lat' dir='ltr'>et</span> <span class='ocrx_word' id='word_1_186' title='bbox 313 2688 432 2751; x_wconf 85' lang='lat' dir='ltr'>omiffis</span> <span class='ocrx_word' id='word_1_187' title='bbox 460 2682 689 2762; x_wconf 84' lang='lat' dir='ltr'>satisfecerint,</span> <span class='ocrx_word' id='word_1_188' title='bbox 728 2706 842 2749; x_wconf 89' lang='lat' dir='ltr'>eorum</span> <span class='ocrx_word' id='word_1_189' title='bbox 862 2687 987 2750; x_wconf 86' lang='lat' dir='ltr'>animae</span> <span class='ocrx_word' id='word_1_190' title='bbox 1016 2686 1135 2773; x_wconf 79' lang='lat' dir='ltr'>poenis</span> 
     </span>
     <span class='ocr_line' id='line_1_29' title="bbox 120 2770 1133 2860; baseline -0.001 -22"><span class='ocrx_word' id='word_1_191' title='bbox 120 2772 303 2860; x_wconf 90' lang='lat' dir='ltr'>I‘urgatorii</span> <span class='ocrx_word' id='word_1_192' title='bbox 327 2780 516 2860; x_wconf 86' lang='lat' dir='ltr'>purgantur,</span> <span class='ocrx_word' id='word_1_193' title='bbox 548 2780 638 2856; x_wconf 19' lang='lat' dir='ltr'>etflut</span> <span class='ocrx_word' id='word_1_194' title='bbox 665 2790 683 2832; x_wconf 94' lang='lat' dir='ltr'>a</span> <span class='ocrx_word' id='word_1_195' title='bbox 704 2770 820 2854; x_wconf 89' lang='lat' dir='ltr'>poenis</span> <span class='ocrx_word' id='word_1_196' title='bbox 840 2770 1025 2852; x_wconf 85' lang='lat' dir='ltr'>hujusmodi</span> <span class='ocrx_word' id='word_1_197' title='bbox 1046 2776 1133 2837; x_wconf 86' lang='lat' dir='ltr'>rele-</span> 
     </span>
     <span class='ocr_line' id='line_1_30' title="bbox 121 2854 1132 2943; baseline -0.002 -22"><span class='ocrx_word' id='word_1_198' title='bbox 121 2874 249 2934; x_wconf 76' lang='lat' dir='ltr'>ventur,</span> <span class='ocrx_word' id='word_1_199' title='bbox 271 2859 403 2943; x_wconf 80' lang='lat' dir='ltr'>prosunt</span> <span class='ocrx_word' id='word_1_200' title='bbox 425 2860 473 2939; x_wconf 81' lang='lat' dir='ltr'>eis</span> <span class='ocrx_word' id='word_1_201' title='bbox 495 2858 648 2943; x_wconf 84' lang='lat' dir='ltr'>vivorum</span> <span class='ocrx_word' id='word_1_202' title='bbox 668 2854 816 2919; x_wconf 88' lang='lat' dir='ltr'>fidelium</span> <span class='ocrx_word' id='word_1_203' title='bbox 840 2857 998 2938; x_wconf 81' lang='lat' dir='ltr'>suffragia,</span> <span class='ocrx_word' id='word_1_204' title='bbox 1019 2855 1132 2920; x_wconf 78' lang='lat' dir='ltr'>tttttra-</span> 
     </span>
     <span class='ocr_line' id='line_1_31' title="bbox 120 2940 1133 3022; baseline -0.001 -16"><span class='ocrx_word' id='word_1_205' title='bbox 120 2967 192 3006; x_wconf 91' lang='lat' dir='ltr'>rum</span> <span class='ocrx_word' id='word_1_206' title='bbox 212 2944 333 3006; x_wconf 78' lang='lat' dir='ltr'>scilicet</span> <span class='ocrx_word' id='word_1_207' title='bbox 353 2944 522 3022; x_wconf 83' lang='lat' dir='ltr'>sacrificia,</span> <span class='ocrx_word' id='word_1_208' title='bbox 559 2940 742 3014; x_wconf 86' lang='lat' dir='ltr'>orationes,</span> <span class='ocrx_word' id='word_1_209' title='bbox 777 2952 808 3004; x_wconf 92' lang='lat' dir='ltr'>et</span> <span class='ocrx_word' id='word_1_210' title='bbox 830 2941 1068 3022; x_wconf 81' lang='lat' dir='ltr'>eleemosynae,</span> <span class='ocrx_word' id='word_1_211' title='bbox 1100 2953 1133 3005; x_wconf 84' lang='lat' dir='ltr'>et</span> 
     </span>
     <span class='ocr_line' id='line_1_32' title="bbox 121 3022 1133 3114; baseline 0 -24"><span class='ocrx_word' id='word_1_212' title='bbox 121 3031 184 3091; x_wconf 88' lang='lat' dir='ltr'>alia</span> <span class='ocrx_word' id='word_1_213' title='bbox 207 3030 337 3112; x_wconf 85' lang='lat' dir='ltr'>pietatis</span> <span class='ocrx_word' id='word_1_214' title='bbox 359 3050 456 3114; x_wconf 90' lang='lat' dir='ltr'>opera</span> <span class='ocrx_word' id='word_1_215' title='bbox 478 3039 510 3090; x_wconf 92' lang='lat' dir='ltr'>et</span> <span class='ocrx_word' id='word_1_216' title='bbox 531 3024 652 3102; x_wconf 84' lang='lat' dir='ltr'>officia,</span> <span class='ocrx_word' id='word_1_217' title='bbox 674 3037 706 3088; x_wconf 90' lang='lat' dir='ltr'>et</span> <span class='ocrx_word' id='word_1_218' title='bbox 723 3025 942 3105; x_wconf 84' lang='lat' dir='ltr'>indulgentiae</span> <span class='ocrx_word' id='word_1_219' title='bbox 963 3022 1133 3109; x_wconf 83' lang='lat' dir='ltr'>secundum</span> 
     </span>
     <span class='ocr_line' id='line_1_33' title="bbox 121 3106 1089 3196; baseline -0.007 -18"><span class='ocrx_word' id='word_1_220' title='bbox 121 3120 246 3178; x_wconf 79' lang='lat' dir='ltr'>sanctae</span> <span class='ocrx_word' id='word_1_221' title='bbox 267 3111 430 3177; x_wconf 88' lang='lat' dir='ltr'>Romanae</span> <span class='ocrx_word' id='word_1_222' title='bbox 452 3111 604 3195; x_wconf 80' lang='lat' dir='ltr'>Eccletiae</span> <span class='ocrx_word' id='word_1_223' title='bbox 622 3121 656 3173; x_wconf 92' lang='lat' dir='ltr'>et</span> <span class='ocrx_word' id='word_1_224' title='bbox 676 3111 864 3196; x_wconf 85' lang='lat' dir='ltr'>apostolicae</span> <span class='ocrx_word' id='word_1_225' title='bbox 887 3111 1042 3189; x_wconf 78' lang='lat' dir='ltr'>instituta.¹</span> <span class='ocrx_word' id='word_1_226' title='bbox 1076 3106 1089 3121; x_wconf 83' lang='grc'>”</span> 
     </span>
    </p>

    <p class='ocr_par' dir='ltr' id='par_1_12' title="bbox 122 3213 1133 3386">
     <span class='ocr_line' id='line_1_34' title="bbox 186 3213 1133 3309; baseline 0 -30"><span class='ocrx_word' id='word_1_227' title='bbox 186 3216 388 3279; x_wconf 83' lang='lat' dir='ltr'>Sacramenta</span> <span class='ocrx_word' id='word_1_228' title='bbox 410 3227 572 3279; x_wconf 80' lang='lat' dir='ltr'>extremae</span> <span class='ocrx_word' id='word_1_229' title='bbox 592 3213 764 3279; x_wconf 86' lang='lat' dir='ltr'>Unctionis</span> <span class='ocrx_word' id='word_1_230' title='bbox 785 3215 910 3297; x_wconf 82' lang='lat' dir='ltr'>aegroti</span> <span class='ocrx_word' id='word_1_231' title='bbox 929 3235 1021 3293; x_wconf 85' lang='lat' dir='ltr'>mens¹</span> <span class='ocrx_word' id='word_1_232' title='bbox 1040 3219 1133 3309; x_wconf 71' lang='lat' dir='ltr'>tana·</span> 
     </span>
     <span class='ocr_line' id='line_1_35' title="bbox 122 3299 862 3386; baseline -0.001 -21"><span class='ocrx_word' id='word_1_233' title='bbox 122 3313 196 3380; x_wconf 88' lang='lat' dir='ltr'>tur,</span> <span class='ocrx_word' id='word_1_234' title='bbox 217 3322 333 3386; x_wconf 89' lang='lat' dir='ltr'>corpus</span> <span class='ocrx_word' id='word_1_235' title='bbox 355 3303 469 3381; x_wconf 87' lang='lat' dir='ltr'>etiam,</span> <span class='ocrx_word' id='word_1_236' title='bbox 490 3302 527 3364; x_wconf 93' lang='lat' dir='ltr'>in</span> <span class='ocrx_word' id='word_1_237' title='bbox 544 3310 696 3386; x_wconf 87' lang='lat' dir='ltr'>quantum</span> <span class='ocrx_word' id='word_1_238' title='bbox 720 3299 862 3385; x_wconf 88' lang='lat' dir='ltr'>expedit.</span> 
     </span>
    </p>

    <p class='ocr_par' dir='ltr' id='par_1_13' title="bbox 124 3382 1209 3728">
     <span class='ocr_line' id='line_1_36' title="bbox 185 3382 1131 3471; baseline -0.003 -22"><span class='ocrx_word' id='word_1_239' title='bbox 185 3385 224 3450; x_wconf 95' lang='lat' dir='ltr'>In</span> <span class='ocrx_word' id='word_1_240' title='bbox 246 3387 447 3450; x_wconf 80' lang='lat' dir='ltr'>Sacruneuto</span> <span class='ocrx_word' id='word_1_241' title='bbox 474 3383 624 3463; x_wconf 84' lang='lat' dir='ltr'>Ordinis,</span> <span class='ocrx_word' id='word_1_242' title='bbox 654 3385 840 3471; x_wconf 82' lang='lat' dir='ltr'>hujusmodi</span> <span class='ocrx_word' id='word_1_243' title='bbox 866 3382 1002 3447; x_wconf 87' lang='lat' dir='ltr'>traditur</span> <span class='ocrx_word' id='word_1_244' title='bbox 1030 3383 1131 3470; x_wconf 81' lang='lat' dir='ltr'>spiri-</span> 
     </span>
     <span class='ocr_line' id='line_1_37' title="bbox 124 3467 1144 3557; baseline -0.002 -23"><span class='ocrx_word' id='word_1_245' title='bbox 124 3470 220 3534; x_wconf 87' lang='lat' dir='ltr'>tualis</span> <span class='ocrx_word' id='word_1_246' title='bbox 240 3473 390 3557; x_wconf 82' lang='lat' dir='ltr'>potestas,</span> <span class='ocrx_word' id='word_1_247' title='bbox 436 3492 507 3537; x_wconf 86' lang='lat' dir='ltr'>uam</span> <span class='ocrx_word' id='word_1_248' title='bbox 528 3490 623 3535; x_wconf 85' lang='lat' dir='ltr'>neruo</span> <span class='ocrx_word' id='word_1_249' title='bbox 647 3470 760 3549; x_wconf 86' lang='lat' dir='ltr'>habet,</span> <span class='ocrx_word' id='word_1_250' title='bbox 780 3469 841 3532; x_wconf 82' lang='lat' dir='ltr'>nifi</span> <span class='ocrx_word' id='word_1_251' title='bbox 860 3467 900 3545; x_wconf 90' lang='lat' dir='ltr'>is,</span> <span class='ocrx_word' id='word_1_252' title='bbox 918 3469 970 3533; x_wconf 90' lang='lat' dir='ltr'>cui</span> <span class='ocrx_word' id='word_1_253' title='bbox 989 3470 1052 3535; x_wconf 90' lang='lat' dir='ltr'>hoc</span> <span class='ocrx_word' id='word_1_254' title='bbox 1073 3471 1144 3533; x_wconf 83' lang='lat' dir='ltr'>Sa·-</span> 
     </span>
     <span class='ocr_line' id='line_1_38' title="bbox 124 3495 1209 3642; baseline 0 -24"><span class='ocrx_word' id='word_1_255' title='bbox 124 3570 319 3627; x_wconf 85' lang='lat' dir='ltr'>crumentum</span> <span class='ocrx_word' id='word_1_256' title='bbox 349 3560 385 3618; x_wconf 86' lang='lat' dir='ltr'>ab</span> <span class='ocrx_word' id='word_1_257' title='bbox 413 3495 591 3642; x_wconf 50' lang='lat' dir='ltr'>{piscopm</span> <span class='ocrx_word' id='word_1_258' title='bbox 624 3554 713 3637; x_wconf 84' lang='lat' dir='ltr'>juxta</span> <span class='ocrx_word' id='word_1_259' title='bbox 745 3559 869 3618; x_wconf 80' lang='lat' dir='ltr'>sanctae</span> <span class='ocrx_word' id='word_1_260' title='bbox 889 3553 1051 3621; x_wconf 80' lang='lat' dir='ltr'>Romanae</span> <span class='ocrx_word' id='word_1_261' title='bbox 1070 3554 1133 3619; x_wconf 85' lang='lat' dir='ltr'>Ec·</span> <span class='ocrx_word' id='word_1_262' title='bbox 1203 3552 1209 3563; x_wconf 57' lang='lat'>‘</span> 
     </span>
     <span class='ocr_line' id='line_1_39' title="bbox 124 3639 935 3728; baseline 0.002 -22"><span class='ocrx_word' id='word_1_263' title='bbox 124 3643 233 3706; x_wconf 87' lang='lat' dir='ltr'>clefiae</span> <span class='ocrx_word' id='word_1_264' title='bbox 254 3644 370 3720; x_wconf 88' lang='lat' dir='ltr'>ritum,</span> <span class='ocrx_word' id='word_1_265' title='bbox 390 3642 494 3728; x_wconf 91' lang='lat' dir='ltr'>quoad</span> <span class='ocrx_word' id='word_1_266' title='bbox 515 3641 691 3705; x_wconf 77' lang='lat' dir='ltr'>effentialia</span> <span class='ocrx_word' id='word_1_267' title='bbox 712 3642 864 3704; x_wconf 87' lang='lat' dir='ltr'>collatum</span> <span class='ocrx_word' id='word_1_268' title='bbox 885 3639 935 3709; x_wconf 77' lang='lat' dir='ltr'>est.</span> 
     </span>
    </p>
   </div>
   <div class='ocr_carea' id='block_1_6' title="bbox 124 3737 1227 4003">
    <p class='ocr_par' dir='ltr' id='par_1_14' title="bbox 124 3737 1227 4003">
     <span class='ocr_line' id='line_1_40' title="bbox 188 3737 1227 3829; baseline -0.011 -21"><span class='ocrx_word' id='word_1_269' title='bbox 188 3743 281 3828; x_wconf 87' lang='lat' dir='ltr'>Quae</span> <span class='ocrx_word' id='word_1_270' title='bbox 309 3745 347 3808; x_wconf 83' lang='lat' dir='ltr'>ed</span> <span class='ocrx_word' id='word_1_271' title='bbox 370 3744 508 3808; x_wconf 85' lang='lat' dir='ltr'>Ordinis</span> <span class='ocrx_word' id='word_1_272' title='bbox 533 3745 673 3829; x_wconf 77' lang='lat' dir='ltr'>spectant</span> <span class='ocrx_word' id='word_1_273' title='bbox 693 3742 895 3828; x_wconf 77' lang='lat' dir='ltr'>potestatem,</span> <span class='ocrx_word' id='word_1_274' title='bbox 925 3763 1024 3828; x_wconf 86' lang='lat' dir='ltr'>aeque</span> <span class='ocrx_word' id='word_1_275' title='bbox 1043 3737 1132 3814; x_wconf 78' lang='lat' dir='ltr'>unali,</span> <span class='ocrx_word' id='word_1_276' title='bbox 1211 3784 1227 3792; x_wconf 95' lang='lat'>-</span> 
     </span>
     <span class='ocr_line' id='line_1_41' title="bbox 125 3823 1132 3915; baseline -0.009 -21"><span class='ocrx_word' id='word_1_277' title='bbox 125 3853 161 3894; x_wconf 90' lang='lat' dir='ltr'>ac</span> <span class='ocrx_word' id='word_1_278' title='bbox 181 3833 260 3895; x_wconf 90' lang='lat' dir='ltr'>boni</span> <span class='ocrx_word' id='word_1_279' title='bbox 283 3830 471 3893; x_wconf 83' lang='lat' dir='ltr'>Sacerdotes</span> <span class='ocrx_word' id='word_1_280' title='bbox 500 3829 747 3904; x_wconf 64' lang='lat' dir='ltr'>administrant,x</span> <span class='ocrx_word' id='word_1_281' title='bbox 762 3841 856 3915; x_wconf 88' lang='lat' dir='ltr'>atque</span> <span class='ocrx_word' id='word_1_282' title='bbox 877 3828 965 3902; x_wconf 79' lang='lat' dir='ltr'>vim,</span> <span class='ocrx_word' id='word_1_283' title='bbox 996 3846 1074 3910; x_wconf 82' lang='lat' dir='ltr'>quae</span> <span class='ocrx_word' id='word_1_284' title='bbox 1093 3823 1132 3885; x_wconf 90' lang='lat' dir='ltr'>ad</span> 
     </span>
     <span class='ocr_line' id='line_1_42' title="bbox 124 3909 1135 4003; baseline -0.008 -23"><span class='ocrx_word' id='word_1_285' title='bbox 124 3917 379 4001; x_wconf 82' lang='lat' dir='ltr'>jurisdictionem</span> <span class='ocrx_word' id='word_1_286' title='bbox 393 3917 523 3997; x_wconf 85' lang='lat' dir='ltr'>attinet,</span> <span class='ocrx_word' id='word_1_287' title='bbox 543 3914 693 4003; x_wconf 85' lang='lat' dir='ltr'>quamdiu</span> <span class='ocrx_word' id='word_1_288' title='bbox 708 3913 779 3978; x_wconf 83' lang='lat' dir='ltr'>illis</span> <span class='ocrx_word' id='word_1_289' title='bbox 789 3936 856 3979; x_wconf 90' lang='lat' dir='ltr'>non</span> <span class='ocrx_word' id='word_1_290' title='bbox 869 3909 968 3977; x_wconf 80' lang='lat' dir='ltr'>fuerit</span> <span class='ocrx_word' id='word_1_291' title='bbox 978 3913 1135 3991; x_wconf 86' lang='lat' dir='ltr'>abrogata.</span> 
     </span>
    </p>
   </div>
   <div class='ocr_carea' id='block_1_7' title="bbox 0 0 1268 4522">
    <p class='ocr_par' dir='ltr' id='par_1_15' title="bbox 0 0 1268 4522">
     <span class='ocr_line' id='line_1_43' title="bbox 0 0 1268 4522; baseline 0 0"><span class='ocrx_word' id='word_1_292' title='bbox 0 0 1268 4522; x_wconf 95' lang='lat' dir='ltr'> </span> 
     </span>
    </p>
   </div>
  </div>
 </body>
</html>
