2528 4522
203 264 208 271 '
290 255 488 328 Decretum
516 261 561 327 de
586 256 855 325 reformatione.
1027 268 1077 346 29

59 441 126 494 retu
143 441 248 495 concilii
265 440 422 505 Tridentini,
449 440 647 509 procidentibus
671 443 703 494 in·
720 457 751 493 eu
768 442 871 493 nomine
883 437 1000 504 ejusdem
1017 438 1077 491 lon·

59 511 166 565 cummi
184 512 280 564 domini
298 514 372 564 nostri
391 528 473 581 popae
492 510 702 564 reverendiifimie
726 513 840 580 patribus
866 516 894 562 et
910 506 1077 563 iiiustriffimio

62 584 176 635 dominia
193 584 294 636 Jocnnc
310 584 393 635 Maria
411 583 444 635 do
463 582 553 635 Monte
570 582 691 651 episcopo
709 584 884 647 Praenestino,
903 588 931 634 et
950 582 1075 633 Marcello

60 656 133 707 tituli
161 653 266 708 iunctae
291 655 381 707 Crucis
407 655 432 706 in
459 653 603 707 Jerusalem
629 656 794 723 presbytero,
822 653 925 705 Iunctae
942 653 1075 705 Romame

62 726 187 779 ecciedno
204 727 390 792 cardinalibus,
407 733 435 778 et
451 726 595 793 apostolicis
612 727 645 779 de
664 728 744 779 tatere
763 727 864 792 tegetis.
899 725 929 776 ln
949 739 999 791 qne
1015 726 1075 790 qui-

61 798 123 850 dem
142 796 267 862 ieiiionc,
293 800 348 866 pott
370 797 524 867 celebratam
548 798 644 849 mitium
663 800 696 851 de
714 800 813 866 Spiritu
830 796 919 849 sancto
935 811 982 864 per
999 811 1074 847 rere-

62 869 172 921 reodum
193 878 292 938 putrem
310 871 439 922 dominum
466 868 684 937 archiepiscopum
703 868 908 938 Spaintreniem,
932 876 959 920 et
987 866 1074 921 habito

61 942 183 993 oratione
204 957 251 1010 per
276 941 446 994 reverendum
473 948 570 1009 petrem
598 942 728 995 dominum
747 940 895 1007 episcopum
913 938 1073 1007 Soipeuienn

60 1028 111 1065 uec
135 1026 187 1063 uon
213 1013 326 1081 peractio
349 1029 397 1081 per
412 1008 644 1065 reverendiffimum
672 1022 698 1067 et
715 1012 901 1066 ittustriliimum
919 1011 1074 1063 cardinalem

60 1083 95 1136 de
114 1082 207 1136 idouto
235 1082 378 1152 praefatum
402 1082 483 1136 solitis
512 1086 678 1152 ceremoniis,
705 1086 863 1155 publicatum
888 1083 924 1136 cst
941 1083 1074 1136 decretum

60 1155 95 1208 de
105 1152 290 1222 justificatione
306 1156 403 1208 tenoris
420 1152 582 1222 infrascripti.

168 1252 358 1319 Decretum
378 1253 420 1319 de
430 1249 694 1343 justificatione.
737 1254 969 1326 Prooemium.

52 1402 65 1419 .
123 1358 203 1446 Gap.
225 1359 252 1423 Ι.
298 1358 540 1439 Donatum,
574 1368 608 1423 et
637 1358 729 1444 legio
758 1360 807 1425 ad
831 1362 1075 1451 justificandog

58 1444 215 1513 hominen
246 1441 497 1508 imbecillitate.
546 1443 622 1529 cap.
643 1446 686 1508 II.
728 1444 785 1509 De
804 1446 1075 1538 dispensatione,

57 1541 93 1595 et
128 1528 287 1619 mysterio
314 1527 486 1592 adventuo
518 1528 653 1612 Christi.
706 1531 782 1618 Gap.
805 1531 864 1596 lll.
910 1537 982 1617 Qui
1010 1563 1075 1625 per

59 1612 237 1705 Gliristum
259 1610 512 1697 justificantur.
568 1613 644 1701 Cep.
669 1616 733 1680 lv.
779 1616 984 1705 Infinuatur
1011 1624 1076 1689 de-

54 1700 207 1787 scriptio
222 1693 487 1785 justifioationic
504 1697 616 1785 impii,
639 1711 673 1763 et
684 1701 804 1767 maduo
823 1703 898 1790 ejuo
922 1705 959 1768 in
971 1708 1074 1796 statu

54 1786 214 1883 gratiae.
238 1786 332 1883 terp.
355 1783 401 1846 V.
441 1780 703 1885 Denecfftate
721 1789 1006 1872 praeparationis
1026 1795 1076 1858 nit

49 1866 866 2041 1“..titt53ttt..tt.tt‘f²⁶‘ttp‚titia-Iit
875 1875 1076 2049 iiiiii-⁶

10 2064 13 2103 :
58 2037 152 2103 catio
173 2036 295 2125 impii,
317 2048 351 2100 et
372 2059 460 2123 quae
481 2038 555 2121 ejus
577 2041 715 2127 causae.
758 2043 834 2132 Gap.
858 2046 951 2110 VIII.
997 2050 1074 2131 Quo

59 2122 157 2187 modo
186 2123 430 2205 intelligatur,
463 2119 612 2206 impium
638 2149 706 2212 per
728 2123 861 2210 fldem,
893 2142 926 2194 et
953 2135 1076 2218 gratia

55 2202 256 2297 justificari.
297 2208 374 2292 Gap.
397 2205 463 2281 lx.
507 2206 637 2272 Contra
659 2212 799 2275 inanem
821 2214 1074 2281 haereticorum

54 2288 239 2378 fiduciam.
288 2291 364 2377 cap.
386 2290 434 2357 X.
477 2289 533 2354 De
553 2304 713 2377 acceptae
730 2294 991 2383 justificationis
1014 2300 1074 2363 in-

62 2386 242 2444 cremento.
286 2377 365 2463 Cap.
387 2375 453 2437 XI.
483 2372 540 2438 De
561 2374 796 2457 observatione
816 2381 1073 2463 mandatorum,

61 2460 165 2551 deque
187 2462 288 2527 illim
308 2457 520 2549 neceffitate,
548 2470 583 2524 et
608 2462 840 2549 poffibilitate.
894 2466 968 2554 Cap.
991 2470 1073 2539 XII.

63 2545 395 2624 Praedeliinationic
420 2543 646 2609 temerariam
671 2547 989 2637 praesumptionem
1012 2580 1073 2621 ca·

62 2630 205 2697 vendam
227 2629 303 2722 effe.
359 2630 436 2719 Cap.
457 2626 555 2693 XIII.
607 2628 662 2694 De
685 2632 966 2717 perseverantiae
992 2663 1073 2705 mu-

65 2737 151 2785 nere.
193 2715 269 2806 Gap.
294 2716 393 2782 XIV.
433 2713 490 2778 De
509 2709 632 2801 lapsis,
651 2728 819 2783 eteorum
840 2725 1071 2818 reparatione.

67 2798 105 2863 Cn
120 2802 139 2865 '.
155 2802 239 2866 XV.
273 2798 434 2885 Quolibet
452 2798 596 2863 mortali
632 2811 746 2866 eccato
763 2804 882 2868 amitti
928 2809 1072 2885 ratiam,

67 2824 199 2965 [cinon
210 2883 330 2973 fidem.
349 2886 427 2984 Cup.
457 2883 556 2948 XVI.
577 2822 632 2948 Di}
654 2884 777 2967 [ructu
798 2826 1070 2975 iustisfiationic,

69 2967 121 3035 itae
141 2971 205 3068 esi,
233 2973 276 3037 de
306 2982 430 3037 merito
457 2965 621 3034 bonorrtm
643 2991 799 3058 operum,
830 2974 936 3061 deque
966 2976 1070 3064 ipstua

69 3057 180 3122 nanti
196 3059 343 3123 ratione.
1086 3080 1090 3085 ·

202 3142 260 3208 De
273 3136 524 3230 justificatione
543 3138 653 3205 Canon
672 3138 924 3209 l-XXXIII.

352 3229 398 3296 (V.
417 3227 496 3295 supro
516 3230 549 3282 T.
568 3230 589 3284 1.
605 3228 782 3296 p·20-38·)

296 3330 485 3398 Decretum
506 3331 548 3396 de
567 3331 828 3419 reformatione.

344 3520 348 3529 1
495 3435 574 3500 Gar.
594 3433 622 3499 l.

71 3533 259 3617 [Praedator
279 3539 439 3605 convenit
460 3539 497 3603 in
518 3538 663 3630 ecclefiio
680 3537 761 3624 snio
782 3538 946 3627 refidcre3
956 3541 992 3631 st
1011 3544 1069 3627 fe-

70 3642 119 3685 cuo
135 3621 303 3707 fecerint,
327 3624 425 3711 jurio
454 3625 594 3713 antiqui
612 3647 742 3712 poenae
761 3623 799 3686 in
822 3649 876 3689 eor
898 3627 1068 3695 innovan-

293 3720 375 3787 tur,
396 3719 431 3773 et
455 3732 563 3775 novae
584 3711 845 3794 decernuntur.]

122 3807 238 3873 Eadem
254 3808 282 3897 1)
303 3818 493 3877 [acrosancta
513 3812 673 3898 synodus,
697 3815 817 3898 eisdem
834 3812 864 3900 ²)
885 3817 1065 3902 praefiden-

93 3964 119 4023 1)
131 3922 237 4015 ¹Eadem
255 3982 304 4020 om.
327 3965 417 4032 Virri,
433 3967 524 4023 iilum.
542 3993 578 4006 -
612 3964 641 4031 2)
660 3962 781 4030 ejusdem
804 3963 850 4018 Ve.
