2528 4522
304 251 502 325 Decretum
525 251 571 324 de‘
594 253 912 353 reformatione.=···
1007 275 1086 356 -209

72 435 213 504 fabricae
232 435 396 516 ecciesiae,
425 447 479 500 eut
499 436 594 502 alteri
614 434 671 522 pic
694 438 919 504 loco‘erbitrio
942 443 1085 534 episcopi

70 527 260 612 applicetur.
325 523 385 586 Sin
418 542 496 587 vero
524 523 560 587 in
592 521 712 585 delicto
740 523 947 596 eodemxcum
964 531 1084 614 eadem,

69 613 126 674 vel
149 611 213 672 elia
234 603 355 672 femine
377 612 632 693 perseverantes,
651 609 804 672 secundae
825 612 1003 679 tuonitioni
1024 620 1086 682 cd-

71 696 136 759 huc
167 716 234 758 non
261 696 443 779 peruerint3
477 715 544 757 non
576 703 696 755 tantum
731 688 852 758 fructus
888 719 1017 803 omnes,
1050 725 1085 768 nc

68 791 250 868 proventus
273 783 402 842 suorum
424 777 682 851 beneficiorum,¹
700 789 732 840 et
762 770 929 865 pensib'n‘e't
944 806 989 847 'eo
1012 788 1083 875 ipso

68 866 238 941 emittent,
267 865 323 950 qui
352 862 523 948 praedictis
554 863 642 923 locis¹
664 863 881 948 applicentur,
913 858 1085 951 se'tietiarn
1174 944 1177 949 .

69 972 88 1014 e
114 950 343 1013 beneficiorum
373 949 517 1034 ipsorum
546 944 837 1028 edtninisiratitin'e,
870 952 973 1039 quoad
993 959 1085 1021 ordi-

68 1038 195 1109 narius,
216 1035 314 1097 etiem
337 1035 385 1095 uti
405 1032 488 1097 sedis
508 1033 696 1118 apostolicee
717 1033 891 1117 delegetur,
913 1038 1085 1119 arbitrabi-

68 1131 139 1198 tur,
160 1118 410 1205 suspendantur:
445 1131 488 1196 et,
507 1120 530 1181 fi
551 1119 597 1180 ite
617 1120 773 1202 suspensi,
794 1121 1011 1189 nihilominus
1031 1149 1085 1197 ees

67 1227 137 1270 non
158 1205 344 1291 expellant3
362 1215 414 1265 aut
437 1225 508 1266 cum
527 1203 570 1265 iis
593 1203 690 1265 etiem
713 1204 897 1280 versentur3
927 1219 1003 1275 tunc
1027 1214 1085 1278 be.

67 1290 212 1368 ueficiis,
247 1288 475 1375 portionibus,
508 1309 543 1350 ec
564 1287 698 1364 officiis,
731 1299 764 1352 et
783 1292 988 1376 pensionibus
1009 1291 1086 1385 qui-

34 1439 37 1443 .
67 1378 261 1461 bustumque
282 1373 493 1438 ecclesiasticis
517 1382 674 1458 perpetuo
696 1375 888 1458 priventur,
913 1390 945 1442 at
969 1402 1007 1443 ue
1027 1386 1086 1448 in-

67 1461 213 1536 habiles,
233 1481 268 1522 ac
289 1459 417 1542 indigni
440 1457 690 1547 quibuscumque
715 1461 913 1541 honoribus,
941 1401 1085 1547 iiignita.

68 1546 174 1623 tibus,
209 1544 392 1619 beneficiis,
427 1564 462 1605 ac
495 1541 611 1621 officiis
639 1546 676 1608 in
705 1543 863 1631 posterum
891 1544 1085 1634 residentum

68 1630 171 1696 donec
198 1631 266 1716 post
297 1622 493 1693 menifestum
524 1627 615 1703 vitae,
637 1629 894 1696 emendationem
915 1632 952 1698 ab
972 1658 1084 1703 eorum

67 1716 287 1803 superioribus
310 1737 381 1778 curu
402 1714 445 1776 iis
468 1718 620 1783 executa
645 1708 752 1778 visum
772 1711 871 1780 fuerit
893 1716 1084 1807 dispensen-

67 1802 157 1868 dum.
212 1800 273 1864 Sed
297 1801 341 1878 fi,
371 1800 606 1886 postquameeo
628 1802 725 1864 semei
747 1797 949 1883 dimiserint,
980 1809 1085 1873 inter·

67 1887 198 1952 missum
219 1884 415 1949 consortium
436 1897 590 1970 repetere,
610 1897 663 1948 eut
684 1887 764 1947 elias
785 1887 970 1970 hujusmodi
992 1897 1085 1957 scen-

67 1974 195 2036 deloses
223 1974 375 2034 mulieres
403 1971 460 2032 fibi
493 1970 662 2052 adjungere
691 1971 755 2033 ausi
785 1968 928 2053 fuer-int3
959 1992 1086 2062 practer

66 2058 247 2145 praedictae
269 2075 408 2142 poenas,
444 2055 789 2119 excommunicationis
810 2057 918 2138 gladio
939 2065 1085 2146 plectan-

68 2157 131 2206 tur.
173 2141 412 2226 Necqueevise
437 2141 583 2224 pelletio,
606 2139 669 2202 aut'
685 2142 864 2226 exemptio,
886 2146 1084 2229 praedictam

67 2228 293 2292 executionem
316 2160 488 2309 impetiiet,
509 2235 563 2285 eut
582 2224 776 2310 suspendat:
811 2227 1084 2311 supradictorum-

67 2335 133 2399 que
157 2312 303 2373 omnium
324 2307 488 2388 cognitio,
508 2328 576 2369 non
598 2307 636 2370 ad
657 2307 917 2394 archidiaconos,
946 2336 1005 2378 nec
1025 2317 1084 2381 de-

67 2417 187 2472 cenos,
220 2406 274 2458 eut
303 2394 387 2455 aiios
416 2389 607 2470 inferiores,
642 2391 695 2455 sed
724 2393 764 2455 ed
796 2395 966 2482 episcopos
993 2401 1083 2487 ipsos

94 2484 248 2547 ertineet:
281 2480 336 2565 qui
357 2479 422 2542 fine
443 2475 590 2562 strepitu,
622 2488 654 2541 et
676 2479 776 2559 figure
797 2480 929 2563 judicii,
964 2497 996 2547 et
1015 2489 1084 2552 sole

68 2505 146 2632 iicti
167 2565 475 2648 veriteteinspecte,
496 2562 809 2648 procederepoffint.
851 2563 970 2630 Clerici
993 2591 1084 2652 vero,

68 2654 222 2718 beneficia
261 2648 476 2721 ecclesiastice,
519 2659 575 2709 eut
609 2649 777 2737 pensiones
809 2670 875 2713 non
917 2653 1084 2736 hebentes,

68 2741 157 2824 juxta
179 2735 307 2813 delicti,
341 2746 373 2797 et
392 2732 607 2796 contumaciae
629 2735 915 2818 perseverentiam,
950 2752 982 2803 et
1005 2764 1084 2830 qua.

68 2827 195 2888 litetem
221 2822 259 2882 eb
284 2820 355 2904 ipso
377 2819 528 2905 episcopo
561 2819 694 2880 cerc'eris
726 2838 848 2903 poene,
880 2821 1085 2908 suspensione

68 2911 107 2971 ab
129 2908 254 2981 ordine,
276 2926 311 2965 ec
321 2905 526 2968 inhabilitate
544 2901 581 2965 ed
594 2902 750 2991 beneficia
762 2904 946 2984 obtinenda,
966 2910 1084 2975 aliisve

68 2993 196 3069 modis,
216 2993 304 3075 juxte
324 2994 430 3053 sect-os
447 3009 585 3051 canones
599 2989 785 3073 punientur.
826 2987 979 3078 Episcopi
1000 3018 1085 3081 quo-

70 3090 150 3168 que,
179 3076 264 3165 quod
294 3076 389 3150 abiit,
423 3075 506 3135 fieb
529 3072 715 3156 hujusmodi
736 3074 873 3137 crimine
892 3097 960 3138 non
982 3082 1085 3143 absti-

67 3165 218 3239 nuerint,
252 3172 286 3224 et
315 3182 332 3221 e
358 3157 482 3240 synodo
512 3158 709 3242 provinciali
737 3157 913 3237 admoniti,
947 3166 981 3225 Ie
1014 3187 1085 3231 non

70 3246 331 3321 ernendavrein13
351 3245 422 3330 ipso
445 3239 530 3306 sacto
552 3243 612 3308 sint
633 3247 683 3307 sus
709 3243 791 3308 enfit
814 3254 866 3321 et,
885 3245 910 3308 si
932 3252 1086 3332 perseve-

69 3347 163 3411 rent,
198 3333 293 3396 etiem
322 3329 361 3391 ed
381 3329 609 3394 sanctissimum
629 3265 869 3407 ⁴⁰)iiomenum
896 3334 1085 3414 pontificem

70 3426 109 3487 ob
130 3418 241 3484 eadem
263 3415 386 3496 synodo
404 3409 609 3479 deferentur:
632 3413 688 3499 qui
713 3435 774 3499 pro
787 3414 940 3513 unalitate
961 3421 1084 3506 cuspeo,

70 3509 168 3572 etiam
188 3525 246 3591 per
270 3500 505 3593 privationem,
537 3498 666 3584 fiopue
684 3499 771 3586 erit,
802 3520 917 3565 ineos
937 3505 1085 3573 euimed..
1200 3578 1206 3584 ³

69 3600 184 3656 uertat.

85 3801 518 3821 W

106 3926 152 3990 40)
169 3921 306 3975 summurn
326 3919 410 3984 Vtut,
429 3917 521 3970 iissem.

153 4012 196 4077 ll.
