2528 4522
110 343 112 347 ,
204 231 223 341 s
283 264 662 343 -canonesextlctis
688 265 961 346 conci1.Trid.'
1052 288 1127 383 335

125 455 182 544 qui
210 465 319 520 contre
346 451 483 521 formam
512 458 691 522 litterarum
716 457 753 522 in
780 453 924 523 fraudem
944 462 978 524 le
1003 461 1040 521 ab
1061 461 1128 525 olio

125 543 324 606 obtinuerint
342 546 542 626 promoveri,
564 546 655 607 nullo
675 543 788 621 modo,
808 545 929 608 nisiex
949 546 1129 625 gravissima

123 632 233 704 causa,
258 628 471 712 dispensetur,
526 627 568 692 Et
588 641 662 693 tunc
693 631 729 692 in
757 631 876 693 litteris
908 626 1130 712 subintelliga-
1193 676 1199 683 -

124 726 177 776 tur
197 713 321 797 semper
350 715 503 791 clausula,
534 710 742 778 eoarbitrio
761 714 820 800 sni
840 712 1027 779 Ordinorii
1039 714 1129 802 sus-

120 796 238 884 penso,
394 798 398 804 ’

190 880 285 948 VIII.
307 879 496 950 Nonliceat
516 879 731 970 inposterum
755 883 929 970 Capitulis,
961 883 1127 966 collegiis,

122 966 311 1044 Abbatibus,
332 962 561 1055 buente-mlibet
574 972 722 1045 exemtis,
742 972 877 1056 aliisque
891 972 1034 1056 personis
1055 973 1130 1057 qui·
1210 1038 1214 1047 ,

120 1056 179 1116 bus
203 1053 242 1115 est
263 1053 439 1116 concellum
460 1057 658 1140 pontificalia
674 1048 844 1118 exercendi
864 1059 1084 1141 privilegium,
1105 1057 1130 1120 li

121 1139 158 1200 in
178 1136 322 1201 Dioecesi
342 1149 396 1201 aut
417 1141 501 1203 intra
519 1140 695 1204 Dioecefim
717 1140 780 1203 else
798 1141 1010 1220 dIgnoscitur,
1035 1142 1131 1206 ordi-

121 1244 208 1297 nare,
228 1235 281 1286 aut
300 1224 575 1288 commendatitias
597 1231 650 1290 seu
672 1224 865 1288 dimissorias
886 1227 1010 1290 litteras
1024 1224 1130 1288 Cleri-

122 1309 168 1371 cis
190 1311 399 1371 saecularibus
422 1310 603 1375 concedere.
646 1310 728 1375 Sede
748 1323 853 1374 autem
874 1327 1015 1388 vacante,
1036 1323 1070 1372 ut
1088 1311 1128 1375 de

122 1392 276 1478 Capitulo
297 1398 401 1457 sancta
423 1394 570 1474 Synodus
591 1395 710 1471 statuit,
737 1397 783 1458 ita
804 1418 861 1459 neo
882 1397 968 1459 ullus
990 1397 1071 1458 elius
1092 1396 1130 1461 in

121 1480 237 1565 quavis
260 1479 418 1559 dignitate
439 1491 471 1543 et
492 1480 761 1544 administratione
782 1480 979 1557 constitutus,
1008 1483 1063 1566 qui
1092 1485 1130 1546 in

120 1563 343 1648 jurisdictione
363 1563 515 1650 Episcopi
536 1567 608 1628 loco
632 1564 773 1650 Capitiili
794 1566 980 1643 succederet,
1003 1568 1130 1629 litteras

122 1648 316 1712 dimissorias
339 1652 463 1734 pollhnc
485 1650 644 1728 concedat,
666 1653 726 1714 nisi
745 1653 824 1714 solis
846 1653 906 1728 iis,
929 1653 1047 1738 quiex
1069 1674 1130 1714 ne·
1202 1731 1206 1735 .

122 1735 251 1797 cellaria
272 1737 409 1820 suscepti
439 1737 586 1798 beneficii
617 1740 706 1798 caula
735 1735 819 1798 intro
852 1749 1130 1823 certum-tempus

122 1832 279 1900 coguntur
291 1821 488 1905 promoveri,
509 1822 693 1906 privilegiis
705 1822 953 1908 quibuscumque
965 1843 999 1885 no
1015 1825 1129 1908 quevis

121 1907 349 1969 consuetudine
378 1907 472 1969 etiam
500 1909 749 1970 immemorabili
773 1905 983 1970 nullomodo
1007 1909 1131 1978 obstan·-

121 1992 219 2053 tibus.
261 1990 323 2053 Ubi
336 2001 440 2055 aulem
455 1992 562 2077 aliqua
582 1992 655 2075 jutta
680 1995 768 2055 causa
780 1993 929 2055 suadente
948 1993 1130 2077 contigerit,

121 2088 158 2138 ut
169 2077 358 2161 Superiores
377 2078 442 2140 luis
458 2077 592 2140 subditis
605 2077 925 2152 litteresconcedant,
948 2088 981 2140 ut
1003 2080 1040 2138 ab
1062 2079 1128 2139 elio

121 2162 247 2246 possint·
260 2162 458 2247 promoveri,
491 2161 578 2223 idem
599 2161 833 2236 testimonium,
853 2181 892 2221 ac
909 2162 970 2221 eliu
993 2182 1071 2246 quae
1091 2163 1129 2224 in
1222 2225 1225 2230 ,

122 2247 297 2308 collatione
320 2246 470 2308 ordinum
493 2244 716 2323 desiderantur,
733 2245 770 2309 in
790 2245 929 2330 ipsarum
949 2245 1129 2308 litterarum

122 2331 322 2393 concessione
343 2330 556 2414 requirantur.

186 2413 252 2478 IX.
273 2412 392 2477 Eorum
417 2415 522 2500 quise
548 2413 690 2478 clericali
713 2411 850 2475 militiae
870 2423 984 2499 petunt
1006 2410 1131 2490 ascribi,

121 2500 319 2586 propositum
341 2499 512 2579 diligenter
534 2511 625 2563 anter
645 2499 798 2564 convenit
819 2501 1000 2584 explorare,
1022 2499 1129 2584 iisque

120 2599 246 2648 tantum
266 2586 304 2649 ed
327 2589 431 2648 sancte
453 2585 530 2648 haec
557 2585 729 2649 ministeria
757 2584 880 2647 editum·
899 2586 1040 2669 aperire,
1072 2587 1129 2670 qui
1173 2622 1182 2637 ·

119 2672 182 2755 jam
194 2673 302 2752 legere
320 2672 441 2745 norint,
462 2683 494 2734 et
512 2693 593 2757 quos
605 2671 781 2756 probabilis
798 2671 836 2731 tir
849 2679 1037 2752 conjectura,
1061 2692 1130 2733 non

74 2807 77 2812 Α
122 2755 282 2821 commodi
295 2757 343 2819 sui
357 2759 455 2831 causa,
478 2777 536 2820 nec
546 2758 711 2821 saecularis
722 2756 835 2838 judicii
846 2751 992 2835 fugiendi
1007 2752 1129 2831 fraude,

120 2842 175 2907 sed
198 2841 309 2904 utDeo
327 2841 457 2905 fidelem
471 2843 590 2906 cultum
608 2843 642 2905 in
663 2845 779 2905 timore
797 2851 829 2902 et
841 2840 1130 2922 innocentiaprae-

121 2927 210 3001 sient,
235 2927 296 2993 hoc
318 2930 405 2993 vites
427 2948 527 3007 genus
549 2926 687 3008 elegisse.
732 2924 770 2989 In
793 2947 876 2987 anno
898 2937 1003 2987 eutem
1027 2922 1130 2986 XIV.

122 3023 155 3075 et
175 3032 217 3073 ex
237 3011 383 3090 legitimo
397 3013 604 3075 matrimonio
627 3012 694 3074 nati
709 3011 780 3088 sint,
802 3010 919 3095 quique
940 3006 1130 3095 priusCon-

121 3091 560 3161 firmationisSacramentum
571 3097 776 3182 susceperint,
793 3096 834 3157 de
856 3096 922 3175 ejus
934 3094 1130 3156 institutione

122 3193 155 3246 et
177 3182 291 3244 effectu
312 3183 357 3244 ita
382 3180 486 3259 docti,
507 3194 541 3245 ut
563 3185 599 3246 in
619 3182 685 3264 ejus
705 3180 905 3264 susceptione
926 3179 1030 3264 prima
1051 3178 1130 3242 fidei

121 3264 327 3331 fundamenta
337 3256 558 3352 profiteantur,
580 3289 677 3354 eaque
696 3268 732 3330 in
748 3265 862 3351 primis
880 3282 957 3349 quae
969 3265 1003 3328 in
1016 3264 1129 3327 Sacra·
1211 3324 1215 3329 .

122 3365 232 3416 mento
245 3352 403 3437 Baptismi
420 3373 463 3416 ex
475 3374 584 3416 eorum
599 3353 730 3416 nomine
746 3351 864 3435 patrini
875 3348 1129 3435 spoponderunt.

123 3436 169 3500 Hi
179 3449 284 3499 autem
296 3438 371 3500 dum
385 3449 466 3500 aetas
480 3441 610 3523 patitur,
631 3449 782 3523 quantum
794 3435 867 3498 lieri
879 3437 1012 3519 poterit,
1032 3457 1128 3520 prae·
1168 3500 1171 3509 Α

123 3524 305 3607 ceptoribus
326 3523 509 3587 instituendi
531 3525 565 3586 in
580 3520 757 3601 Gymnasiis
773 3531 805 3582 et
818 3520 946 3602 Scholis
959 3521 995 3582 ad
1019 3519 1051 3582 id
1074 3522 1128 3582 in-

121 3610 238 3670 siitutis
262 3608 433 3671 tradantur.
482 3607 594 3671 Lineis
621 3607 754 3670 vellibus
775 3617 901 3667 utantur
925 3605 961 3668 in
983 3604 1128 3682 Ecclesia,

121 3696 158 3758 in
181 3714 241 3780 que
261 3695 401 3757 serviant
424 3715 494 3759 cum
514 3694 628 3758 divina
649 3693 845 3759 celebrantur
865 3690 984 3763 officia,
1013 3692 1128 3752 admo·
1152 3714 1157 3727 ,
1191 3730 1193 3738 ι

122 3792 318 3866 neanturque
340 3790 491 3865 quantum
510 3775 571 3842 eos
589 3780 625 3842 in
640 3778 810 3860 majoribus
824 3787 856 3840 et
876 3775 1127 3840 solemnioribus

121 3866 197 3928 anni
220 3860 441 3929 festivitatibus
464 3865 698 3930 sacratissimum
720 3860 1127 3925 EuslrarillieeSecramen-

121 3961 190 4014 tum
210 3950 327 4017 devote
346 3953 504 4037 suscipere
523 3951 731 4029 conveniret,
767 3959 859 4034 atque
885 3948 931 4010 ita
959 3947 1004 4009 in.
1022 3946 1141 4025 sancta,
