2528 4522
477 243 584 345 Dullu
610 256 822 329 indictionis.
884 346 893 369 1
1108 276 1132 345 3

116 463 232 508 eorum
253 438 498 530 episcoporum,
520 441 721 529 aliorumque
735 452 874 528 patrum,
893 442 932 505 ed
954 463 1035 528 quos
1057 467 1132 531 per-

115 531 255 606 tineret,
291 539 484 591 conventum
518 528 555 590 in
590 528 723 591 civitate
753 528 902 591 Mantuae
941 528 1134 611 indiximus,

116 634 203 677 anno
240 614 473 677 incarnationis
502 611 655 691 Domini,
687 613 764 676 ficut
792 615 926 689 litteris,
961 626 993 676 et
1015 636 1134 681 monu-

115 699 238 773 mentis
254 696 285 783 ἃ)
307 699 420 761 nostris
440 697 583 761 telletum
606 698 666 775 eli,
687 700 857 763 millefirno
879 699 1131 785 quingentelimu

115 783 277 865 trigelimo
299 786 447 870 septimo,
493 785 675 847 ontificatus
696 785 793 848 noltri
810 786 925 862 tertio,
948 786 986 847 ud
1000 783 1048 847 X.
1069 788 1135 852 ka·

114 870 206 933 lend.
223 870 299 937 Jun.
321 806 559 946 inchoandum
593 868 682 955 spem
704 891 808 957 prope
839 880 957 935 certam
979 872 1132 937 hebentes

113 951 207 1030 fore,
235 969 295 1032 ot,
328 978 399 1018 curn
426 955 498 1017 illic
526 956 561 1019 in
584 957 717 1018 nornine
739 954 876 1025 Domini
897 953 1032 1020 ess'emus
1052 980 1133 1023 con·

114 1041 262 1122 gregati,
283 1042 370 1126 ipse,
398 1041 513 1121 e>licut
533 1024 679 1126 promilit
699 1039 862 1105 Dominus
882 1040 918 1104 in
940 1042 1047 1105 medio
1069 1066 1134 1107 no·

112 1127 213 1189 [irum
234 1127 403 1203 affuturus,
423 1138 455 1190 et
478 1127 630 1203 bonitete,
652 1147 687 1190 ac
705 1125 923 1191 misericordia
942 1132 995 1191 lua
1018 1150 1132 1194 omnes

112 1224 303 1296 temporum
330 1212 507 1296 procellos,
540 1213 711 1299 omniaque
741 1213 884 1298 pericula
915 1213 1029 1297 spiritu
1065 1216 1132 1279 oris

111 1298 167 1362 lui
194 1297 287 1360 facile
308 1295 495 1382 depulsuros
518 1294 605 1361 ellet.
660 1294 744 1373 Sed,
768 1309 803 1359 ut
825 1297 949 1383 lernper
968 1298 1134 1363 inlidietur

111 1384 185 1469 piis
207 1384 386 1445 actionibus
409 1383 542 1444 humani
563 1383 691 1462 generis
713 1380 828 1459 hostis,
862 1391 999 1459 primurn
1021 1397 1134 1449 contre

113 1490 248 1532 omnem
269 1467 377 1553 lpem,
404 1479 437 1530 et
458 1469 716 1552 expectationem
738 1462 872 1531 nostram
894 1468 1046 1550 denegate
1069 1465 1134 1533 suit

112 1556 212 1616 nobis
231 1553 403 1617 Mantuano
426 1554 548 1628 civitas,
571 1553 631 1616 nili
650 1556 772 1640 aliquus
784 1553 988 1617 conditiones
1009 1556 1133 1619 subire-

112 1661 208 1716 mus,
226 1641 264 1702 ab
285 1638 437 1702 institutis
457 1639 613 1722 majorum
633 1639 821 1717 nostrorum,
842 1652 875 1702 et
898 1639 927 1722 4)
943 1641 1133 1705 conditione

112 1737 318 1810 temporum,
340 1723 504 1812 nollraqrie
530 1744 564 1786 ec
587 1723 680 1806 bujus
702 1729 827 1788 sunctae
847 1725 944 1802 sedis,
964 1747 999 1789 uc
1021 1728 1133 1790 numi-

111 1813 168 1873 nis
194 1810 386 1873 eccleliellici
408 1811 581 1891 dignitate,
613 1811 822 1897 libertateque
844 1832 977 1898 prorsus
999 1813 1133 1889 alienas,

112 1916 194 1982 quas
219 1898 254 1958 in
273 1898 347 1959 aliis
374 1897 487 1958 nostris
509 1896 628 1960 litteris
646 1901 867 1981 expreltimus.
923 1892 1133 1982 Quapropter

111 1984 215 2043 aliurn
250 1982 399 2046 invenire
431 1984 556 2058 locum,
597 1982 756 2068 aliamque
788 1981 930 2063 deligere
965 1983 1132 2046 civitutem

110 2065 238 2129 neceffe
259 2068 445 2130 babuimust
478 2089 557 2154 quae
586 2090 658 2130 curn
689 2090 755 2131 non
780 2067 882 2130 llatirn
906 2069 1000 2130 nobis
1023 2089 1131 2131 occur·

109 2164 199 2215 reret
222 2151 356 2229 idonea,
389 2164 422 2215 et
439 2165 529 2236 apta3
561 2151 598 2213 ad
626 2156 793 2297 sequentes
814 2153 884 2216 kal.
904 2150 989 2217 Nor.
1013 2175 1132 2239 proro-

108 2259 189 2318 gare
219 2239 353 2299 concilii
382 2239 629 2299 'celebrationem
682 2240 785 2300 uirnus
815 2239 928 2298 euecti.
993 2235 1133 2301 Interim

107 2322 247 2396 saevus,
269 2333 302 2383 et
324 2335 497 2406 perpetuus
519 2320 741 2382 bostis'noller
762 2321 867 2381 Turre
888 2322 1015 2400 ingenti
1039 2320 1132 2384 clnffe

107 2406 244 2471 Italiam
265 2405 395 2468 adortus
405 2420 425 2482 ,¹
448 2405 573 2488 aliquot
604 2402 724 2487 oppida
747 2402 782 2465 in
804 2402 968 2471 littoribus
993 2400 1133 2490 Apuliae
1161 2418 1167 2433 ‘

109 2494 220 2579 cepit,
242 2491 388 2566 vallavit,
411 2489 567 2573 diripuit,
584 2487 717 2572 praedes
735 2488 906 2551 bominum
927 2490 1050 2571 abegit:
1072 2513 1133 2555 uos

109 2579 148 2642 in
169 2578 314 2642 maximo
338 2580 474 2650 timore,
515 2583 547 2635 et
572 2574 716 2665 perq'culo
748 2575 911 2648 omnium,
943 2577 1130 2641 muniendis

109 2664 278 2726 littoribus
302 2662 415 2725 nostris
437 2657 653 2744 finitimisque
680 2658 804 2722 auxilio
834 2659 983 2742 juvandis
1008 2655 1130 2726 fuimus

111 2749 277 2835 occupati:
311 2768 369 2810 nec
395 2758 504 2808 tamen
535 2744 659 2807 interea
691 2743 865 2807 destitimus
887 2747 1068 2824 consulere,
1101 2762 1131 2811 et

110 2835 241 2897 hortari
267 2831 462 2896 Christianos
491 2829 673 2915 principes,
709 2841 762 2906 ut,
797 2829 837 2893 de
866 2831 984 2893 idoneo
1007 2833 1046 2895 ed
1069 2833 1130 2895 hs-

110 2919 254 2984 bendurn
276 2918 449 2997 concilium
473 2916 545 2977 luco
571 2914 647 3001 quid
669 2917 845 2992 sentirent,
865 2917 959 2978 nobis
982 2938 1131 3002 expone·

111 3017 206 3069 rent:
226 3026 361 3090 quorum
380 3025 451 3065 curn
472 2998 573 3063 elient
594 3002 733 3064 incertae
753 3001 923 3088 variaeque
943 3004 1130 3081 sententiae,

110 3102 305 3176 tempusque
318 3089 455 3164 diutius,
477 3106 570 3172 quam
585 3100 652 3148 erat
679 3109 771 3173 opus,
794 3086 957 3149 videretur
979 3089 1131 3167 extrebi3

110 3198 174 3241 nos
195 3177 322 3260 optimo
345 3175 474 3248 enimc,
496 3183 609 3257 etque,
638 3183 674 3234 ut
694 3174 902 3246 arbitremur,
930 3172 1026 3235 etiam
1048 3196 1129 3237 con-

110 3263 185 3325 filio
210 3261 396 3323 Visentiarn
417 3258 593 3336 elegimus,
616 3260 727 3320 urbem
748 3259 927 3344 copiosam,
959 3269 992 3321 et
1012 3257 1129 3323 Vene-

109 3360 238 3424 torum,
267 3347 322 3433 qui
340 3368 410 3410 eam
432 3344 526 3407 nobis
550 3344 781 3421 concedebant,
814 3343 953 3420 virtute,
987 3346 1128 3408 auctori·-

108 3445 197 3510 tate,
228 3430 373 3518 potentia
405 3452 478 3493 cum
510 3426 632 3492 editum
662 3440 844 3516 petentem,
876 3429 1128 3496 tumlletiunem

106 3593 561 3611 ffl-

147 3695 177 3758 4)
197 3701 290 3744 etum.
309 3689 399 3748 Hurd.

147 3821 181 3886 d)
199 3818 264 3871 th.
281 3817 378 3874 Judor.
397 3817 423 3870 le
440 3816 504 3871 Plat
524 3817 698 3869 Monumsut.
719 3812 752 3866 ed
770 3800 861 3891 bilior.
880 3810 979 3866 concil.
999 3809 1127 3863 Trident.

147 3893 184 3946 Τ.
206 3893 239 3943 ll·
266 3908 292 3958 o·
311 3894 364 3948 526
383 3888 438 3958 sqq.
465 3907 492 3957 o.
512 3895 564 3948 531
584 3886 622 3955 lq·
644 3902 671 3954 p.
690 3888 750 3946 set.
779 3887 868 3952 obbo
885 3882 925 3953 tq.
957 3898 984 3950 p.
995 3885 1049 3943 569
1069 3879 1126 3949 sqq·

147 3979 176 4031 p.
189 3965 251 4022 584.
262 3988 298 4002 -
333 3961 361 4026 e)
378 3960 476 4017 Mattb.
495 3964 539 4025 18,
558 3975 597 4017 πο.
833 4038 892 4107 Α*
