2528 4522
336 255 535 330 Decretum
559 214 740 353 prorogat
765 255 837 327 sets.
891 200 897 209 ·
1037 272 1087 344 87

70 435 246 521 etlar0a2),
269 441 467 527 publicaret,
495 451 590 527 atque
610 441 742 517 interim
764 441 920 506 affuturos
941 441 1005 509 effe
1026 467 1088 530 po·

69 525 193 589 tarerit
225 524 263 587 ad
297 528 361 590 hoc
388 529 617 591 sacrosanctum
649 527 823 590 concilium
854 549 941 608 eoa,
966 530 1022 614 qui
1054 539 1088 593 l‘e

70 610 282 698 protestantes
304 624 436 689 vocant,
469 634 605 699 quorum
633 616 721 675 causa
751 633 863 675 eorum
890 616 1088 700 publicatio-

69 718 149 762 uem
169 696 378 762 articulorum
400 699 584 771 distulerat,
614 711 647 759 et
669 710 703 760 ut
724 699 841 775 libere,
863 720 897 761 ac
920 701 985 763 tine
1007 723 1088 764 eun·

68 783 213 845 ctatione
236 785 302 845 utta
325 785 389 846 huc
410 787 576 859 venirent,
608 783 706 848 fidem
732 785 988 870 eis'pubticam,
1021 787 1088 850 iive

67 869 197 932 salvum
232 867 425 932 conductum
448 867 639 932 concess'erat
656 873 708 948 1²):
743 883 859 947 tamen,
887 869 1000 951 cum2)
1032 872 1087 934 ilii

67 953 219 1017 nondum
237 956 405 1032 venerint,
435 967 468 1019 et
489 976 601 1018 eorum
621 955 755 1019 nomine
776 956 988 1042 supplicatum
1011 957 1088 1020 huic

67 1042 195 1103 sanctae
221 1039 345 1121 synodo
375 1037 494 1117 fuerit,
525 1051 563 1102 ut
590 1041 787 1126 publicatio,
821 1063 902 1128 quae
923 1042 1085 1121 hodierno

68 1123 123 1188 die
139 1118 287 1188 facienda
305 1122 425 1201 fuerat,
455 1127 492 1189 in
519 1125 702 1213 sequentem
725 1127 891 1191 sartionem
909 1127 1088 1204 differatur,

67 1220 157 1273 certa
177 1212 234 1295 spe
254 1212 351 1273 allata
373 1211 529 1279 affuturos
559 1232 615 1273 eos
646 1211 710 1274 effe
731 1213 865 1275 omnino
889 1215 993 1276 multo
1014 1224 1087 1276 ante

67 1297 165 1359 iilam
185 1297 373 1372 ieiiionem,
402 1298 491 1359 selvo
514 1296 671 1360 conductu
694 1298 863 1382 amplioris
887 1295 1011 1362 formae
1033 1300 1088 1361 in-

68 1384 169 1447 terim
184 1393 332 1467 accepto:
355 1381 465 1444 eadem
487 1380 757 1462 sanctasynodus,
779 1382 811 1444 in
833 1382 959 1468 Spiritu
980 1389 1087 1447 saneto

68 1467 220 1549 legitime
242 1479 456 1548 congregata,
477 1467 594 1529 iisdem
615 1469 722 1549 iegato
734 1516 745 1547 ,
773 1478 805 1529 et
824 1468 948 1531 nuntiie
969 1469 1088 1554 praeii-
1144 1480 1148 1501 ·’

68 1552 241 1631 dentibus,
262 1553 349 1615 nibil
369 1554 472 1633 magia
493 1563 627 1637 optans,
650 1575 743 1640 quam
766 1574 808 1615 ex
830 1554 1087 1639 praestantiffima

68 1639 206 1703 natione
238 1635 428 1701 Germanica
460 1659 573 1700 omnes
605 1639 645 1702 de
678 1639 838 1719 reiigione
871 1638 1088 1716 diffenfionea,

69 1735 106 1789 et
128 1722 296 1787 schismata
317 1726 445 1796 tollere,
466 1744 500 1785 ac
522 1724 589 1806 ejus
613 1723 735 1811 quieti,
756 1725 837 1809 paci,
854 1726 986 1812 otioque
1007 1746 1089 1787 con·

67 1808 197 1889 tulare,
219 1819 326 1893 parata
346 1809 453 1894 ipsos,
487 1808 704 1883 finenerint,
736 1822 769 1872 et
788 1811 975 1874 humaniter
996 1811 1089 1873 exci-

96 1914 169 1971 ere,
200 1904 233 1957 et
261 1894 398 1974 benigne
426 1893 556 1971 audire;
590 1894 819 1982 confidensque
841 1918 898 1961 eoa
922 1918 988 1959 non
1011 1893 1089 1959 fidei

68 1916 259 2063 ¹G'atbolicee
281 1980 485 2065 pertinaciter
508 1980 757 2065 oppugnandae,
786 1981 839 2045 sad
863 1981 1010 2046 veritatis
1030 2001 1089 2043 co-

68 2063 274 2147 gnotcandaa
304 2063 404 2127 fludio
442 2063 506 2127 ess'e
528 2076 699 2139 venturos,
742 2077 791 2141 et,
827 2077 860 2128 ut
885 2067 1090 2145 evangelicae

70 2150 223 2214 veritatis
247 2147 398 2212 budiosoe
421 2148 528 2227 decet,
561 2154 684 2214 sanctae
718 2152 832 2212 matris
864 2153 1009 2214 ecclefiae
1031 2150 1089 2213 de-

69 2234 191 2313 cretio,
227 2245 260 2298 et
293 2233 483 2320 disciplinae
510 2234 549 2297 ad
581 2246 761 2297 extremum
792 2233 856 2298 eise
877 2238 1089 2322 acquietum,

19 2368 23 2379 .
69 2325 258 2411 sequentem
277 2320 445 2383 iesfionem
462 2317 501 2383 ad
522 2318 653 2392 edenda,
676 2331 709 2381 et
726 2321 917 2404 publicanda
940 2342 987 2395 ee,
1009 2340 1089 2405 quee

68 2411 169 2491 supra
190 2415 439 2468 commemorata
461 2403 550 2480 sunt,
584 2403 619 2466 in
641 2404 727 2467 diem
751 2401 859 2467 setium
881 2407 980 2468 sancti
997 2404 1091 2467 dose—
1148 2466 1154 2477 ,

69 2492 152 2579 phi,
170 2490 227 2579 qui
248 2491 313 2554 erit
334 2488 389 2552 die
410 2485 517 2554 XIX.
536 2489 651 2551 meniis
673 2488 792 2566 Martii,
810 2491 957 2565 distulit,
980 2503 1015 2551 ut
1036 2490 1091 2551 illi

70 2578 151 2643 satia
173 2575 341 2662 temporie,
361 2585 394 2638 et
414 2574 510 2660 spatii
527 2571 742 2639 babeantnon
763 2577 869 2639 [olum
891 2575 930 2639 ad
952 2577 1091 2639 venien·

70 2662 172 2736 dum,
203 2682 317 2726 verum
339 2659 497 2724 etiamad
520 2681 575 2737 aa,
603 2682 682 2748 quae
703 2660 886 2739 voluerint,
918 2672 1090 2745 antequam

70 2750 104 2813 ie
126 2746 198 2835 dier
219 2746 347 2823 reniet,
368 2744 591 2832 proponenda.
648 2743 776 2829 Quibus
806 2759 841 2810 ut
861 2769 991 2810 omnem
1015 2747 1092 2809 diu-

71 2834 140 2899 tius
176 2830 343 2897 cunctandi
375 2836 498 2897 eausam
526 2831 665 2909 adimat,
696 2831 793 2895 fidem
815 2834 995 2916 publicam,
1025 2828 1092 2894 five

69 2921 203 2985 salvum
229 2917 420 2981 conductum
448 2918 537 3000 ejus,
575 2915 632 3003 qui
660 2918 875 2993 recitabitur,¹
899 2915 1023 2980 tenoris
1059 2926 1102 2979 eu

70 3001 254 3073 sententiaa
274 3003 414 3085 libeqter
435 3001 507 3079 dat,
535 3012 569 3066 et
589 3002 747 3064 concedit.
798 3001 938 3077 Interea
951 3023 1028 3063 vero
1052 3000 1092 3063 de

71 3088 279 3159 matrimonii
294 3090 485 3151 sacramento
508 3087 691 3167 agendum,
714 3098 746 3149 et
767 3085 806 3149 de
829 3109 867 3149 eo
891 3099 1017 3171 praeter
1038 3090 1093 3149 su-

73 3176 242 3264 periorum
272 3170 472 3238 decretorum
501 3173 753 3260 publicationem
778 3170 998 3247 definiendum
1027 3170 1098 3234 effe

74 3254 350 3327 ardem'ieffione
380 3258 499 3334 statuit,
533 3268 574 3320 et¹
593 3256 751 3336 decernit,
784 3269 819 3322 et
839 3255 1093 3344 prosequendam

74 3346 142 3413 effe
163 3345 331 3409 materiam
353 3337 609 3408 reformationis.

184 3522 310 3567 eanvua
333 3521 524 3566 concurras
548 3499 846 3562 rnornsrmm'aus
864 3516 987 3560 carus.
1094 3478 1117 3519 '¹

78 3611 282 3675 Sacroiancta
302 3610 521 3684 oecumenica,
542 3618 574 3669 et
594 3604 753 3685 generalia
776 3603 968 3666 Tridentino
995 3605 1096 3681 syno-

79 3698 158 3773 dus,
192 3699 225 3758 in
258 3697 382 3781 Spiritu
415 3698 522 3757 sancto
553 3692 700 3772 legitime
725 3702 932 3771 congregata,
973 3686 1094 3772 praefi·

79 3805 520 3821 Μ

116 3859 144 3922 1)
164 3855 281 3906 inbono
311 3866 330 3908 t.
358 3849 414 3903 seii.
438 3828 513 3903 ditat.
536 3866 586 3902 om.
613 3845 691 3898 Brix.
716 3870 751 3884 -·
803 3844 833 3909 2)
852 3860 914 3895 cum
936 3858 986 3893 om.
1005 3838 1093 3892 Hard.

115 3959 149 4028 p)
170 3958 236 4011 setr.
255 3959 331 4013 xm.
352 3974 377 4025 p.
396 3964 439 4017 73.
545 3960 553 3987 ¹
