2528 4522
335 241 363 330 s
442 287 736 364 BullaePiilv.
903 294 927 403 j
1016 303 1093 387 319
1185 286 1190 313 ³

82 473 260 563 privilegio
281 473 491 553 Doctoratus,
520 479 575 543 vol
607 475 743 542 alterius
770 473 887 558 gradus
908 473 1095 558 hujusmodi

80 564 250 647 specialis,
280 584 315 626 ac
342 563 381 626 de
403 567 502 627 verbo
524 565 562 627 ad
584 567 719 628 verbum
738 565 886 640 mentio,
916 574 949 624 et
977 563 1093 625 relatio
1137 595 1141 601 ·

80 649 154 711 fieri
175 648 303 725 debeat,
334 650 521 721 auctoritate
543 645 727 736 Apostolice
745 660 859 713 tenore
877 637 1095 734 praesentioris
1202 658 1212 705 s

80 747 239 820 perpetuo
263 733 443 812 statuimus,
461 746 495 797 et
511 735 713 800 ordinamus.
919 781 921 786 ι
1088 737 1092 749 ’
1172 767 1179 775 ·

142 818 192 882 Ae
204 822 364 899 omnibus,
385 835 416 884 et
432 821 564 902 singulis
587 821 770 885 earumdem
780 817 1040 895 Universitaturn,
1060 826 1095 881 et

79 901 531 984 GymnaiiorumRectoribue,
550 905 757 982 Ductoribus,
778 905 893 969 etaliis
905 896 1096 989 Superiori-

78 992 148 1066 bus,
170 1011 205 1052 ac
217 990 296 1052 alias
309 985 491 1055 facultatem
501 991 690 1055 doctorandi
702 993 903 1067 habentibus,
918 991 1096 1072 cujuscum-

79 1097 142 1160 que
159 1075 260 1153 slatus,
282 1078 407 1158 gradus,
428 1078 565 1157 ordinis,
589 1078 798 1153 conditionis,
819 1089 851 1138 et
868 1077 1096 1161 praeeminen—
1188 1081 1190 1086 '

78 1164 143 1228 tiae
156 1156 287 1238 fuerint,
307 1163 447 1226 etiamsi
464 1161 659 1248 Episcopali,
677 1159 971 1246 Archiepiscopali,
987 1160 1096 1227 Patri-

78 1247 213 1323 archali,
232 1248 286 1309 vel
299 1249 413 1332 majori
425 1248 593 1326 dignitate,
611 1251 711 1320 otiam
724 1247 944 1311 Cardinalatus
958 1245 1095 1320 honore,

79 1353 115 1394 ac
129 1330 254 1410 Ducali‚
278 1336 332 1396 vel
346 1336 419 1411 alia,
440 1335 537 1395 etiam
547 1332 659 1413 Regia,
681 1344 713 1396 et
726 1331 894 1418 Irnperiali
909 1331 1096 1392 auctoritate

78 1413 320 1502 praefulgeant,
342 1441 400 1495 ne,
422 1440 516 1505 quem
537 1419 573 1483 in
593 1419 870 1493 Univerfitatibus,
891 1415 1095 1492 Civitatibus,

78 1502 229 1588 oppidis,
251 1504 303 1565 vel
326 1505 402 1567 aliis
422 1499 601 1581 luciensi,
621 1507 658 1568 in
676 1505 916 1588 spiritualibus,
934 1502 989 1566 val
1010 1514 1096 1564 tem-

77 1589 243 1675 puralibus
261 1588 427 1673 subjectis,
459 1590 555 1652 aliter
576 1588 769 1667 cathedras,
800 1600 854 1652 aut
878 1589 959 1651 alias
978 1588 1097 1650 lectio·
1179 1624 1181 1628 ι

77 1696 136 1736 nes
158 1676 314 1751 retinere,
346 1675 516 1763 consequi,
545 1676 610 1738 ‘vel
632 1676 670 1737 ad
689 1675 806 1757 gradus
827 1673 1018 1759 promoveri
1038 1693 1097 1735 re-
1184 1752 1188 1762 ¹

56 1761 219 1844 ‘spectivo
242 1761 423 1843 patiantur,
460 1763 498 1823 in
522 1761 643 1824 virtute
664 1765 789 1824 sanctae
811 1760 1031 1833 obedientiae,
1062 1766 1097 1820 et
1124 1828 1127 1835 ,

76 1844 132 1908 sub
161 1846 330 1937 interdicto
366 1849 404 1908 ab
431 1844 572 1926 ingressu
593 1844 747 1910 Ecclesiae
780 1846 885 1934 quoad
915 1842 1095 1919 Antistites,

79 1953 144 2016 quo
167 1952 245 1993 vero
277 1932 316 1995 ad
339 1927 531 2009 inferiores,
561 1932 615 1994 sub
637 1930 983 2014 excommunicationis
1012 1930 1095 1991 latae

76 2017 274 2098 sententiae,
295 2038 422 2081 necnon
441 2017 640 2103 privationis
657 2020 823 2095 omniurn,
844 2027 878 2079 et
898 2015 1096 2094 singulorum

76 2101 292 2182 dignitatum,
333 2103 582 2176 beneficiorum,
621 2098 827 2178 Officiorum,
865 2111 898 2162 et
925 2097 1095 2162 feudorum

76 2184 362 2249 Ecclesiasticorum
386 2208 444 2270 per
465 2207 523 2248 eos
546 2187 792 2271 quomodolibet
813 2186 1037 2259 obtentorum,
1061 2195 1094 2245 et

77 2271 296 2333 inhabilitatis
318 2271 357 2333 ad
379 2272 453 2345 illa,
475 2281 507 2331 et
527 2271 593 2346 aliq
612 2271 648 2332 in
669 2271 828 2355 posterum
851 2268 1031 2342 obtinenda,
1053 2288 1092 2330 eo

76 2354 147 2441 ipso
170 2370 230 2441 per
259 2351 525 2418 contrafacientes
555 2355 757 2421 incurrendis
786 2355 902 2442 poeuis
925 2353 1094 2416 districtius
1191 2412 1199 2426 ,
1237 2366 1240 2373 '

74 2442 273 2505 inhibemus.

139 2522 189 2590 Ac
210 2547 423 2615 quascumque
441 2527 658 2616 receptiones,
687 2524 930 2613 promotiones,
958 2523 1094 2589 electio-

76 2633 153 2697 nes,
184 2625 217 2676 et
238 2612 443 2687 admissiones
469 2617 587 2702 absque
608 2613 767 2700 processu,
797 2610 1004 2698 certaqued'o
1025 2609 1094 2674 Re-

76 2699 230 2783 ligions,
247 2711 279 2761 et
299 2697 326 2761 F
328 2699 380 2763 ide
400 2697 566 2764 Catholica
588 2700 722 2776 notitia,
751 2721 787 2761 ac
807 2698 890 2761 dicta
911 2694 989 2759 lidei
1012 2718 1093 2782 pro-

75 2783 228 2860 fessione,
260 2785 300 2846 sic
322 2796 357 2848 ut
378 2783 574 2870 praefertur,
605 2783 835 2871 piaecedente,
862 2803 922 2867 pro
946 2794 1093 2867 tempore

76 2866 191 2946 factas,
213 2871 334 2947 nullas,
364 2857 542 2949 invalidas,
572 2873 760 2955 nulliusque
780 2869 924 2944 roboris,
943 2869 998 2928 vel
1018 2888 1108 2950 mog

25 3016 29 3022 .
76 2954 178 3018 menti
202 2954 283 3028 else,
317 2978 421 3044 neque
441 2959 588 3046 cuiquam
608 2955 808 3032 in‘Judicio,
831 2954 885 3018 vel
908 2965 1001 3015 extra
1021 2949 1093 3014 sus·
1178 2972 1180 2976 ⁴
1229 2958 1235 2978 ⁰

77 3037 198 3127 fragari
221 3039 322 3127 posse.

141 3124 257 3211 Sisque
278 3147 336 3210 per
368 3146 581 3214 quoscumque
601 3122 750 3202 ludices,
780 3133 813 3187 et
839 3117 1092 3198 Commissarios,

76 3212 191 3299 quavis
220 3211 409 3276 auctoritate
441 3209 630 3292 iungentes,
658 3214 782 3275 sublata
815 3209 884 3284 eis,
916 3217 949 3268 et
978 3227 1091 3271 eorum

76 3298 209 3360 cuilibet
229 3298 342 3382 quavis
357 3296 456 3362 'aliter
476 3297 656 3381 judicandi,
680 3310 712 3359 et
732 3292 965 3379 interpretandi
987 3287 1091 3363 facul·
1189 3369 1193 3377 μ

76 3394 164 3459 tate,
195 3393 226 3444 et
247 3385 451 3461 auctoritate,
482 3382 635 3469 judicari,
669 3393 702 3445 et
725 3380 855 3444 definiri
877 3379 1008 3453 debere,
1031 3408 1035 3423 ι
1055 3399 1090 3439 ac

77 3467 227 3554 quicquid
252 3471 341 3532 secus
363 3492 381 3532 a
403 3491 563 3556 quoquam
592 3469 705 3554 quevis
727 3466 916 3531 auctoritate
947 3465 1090 3539 scienter,

76 3557 131 3616 vel
151 3557 339 3633 ignoranter
366 3557 517 3618 attentari
537 3554 723 3634 contigerit,
759 3552 906 3636 irritum,
942 3558 981 3613 'et
993 3551 1091 3613 inane

76 3640 425 3787 decelldlindllllantibus
445 3721 739 3798 constitutionibus,
770 3731 803 3783 et
825 3715 1091 3793 ordinationibus

76 3807 292 3896 Apostolicis,
313 3831 349 3872 ac
370 3809 636 3885 Universitaturn,
669 3818 702 3871 et
723 3805 995 3890 Gymnasiorurn,
1028 3799 1092 3863 Or-

42 3932 44 3938 *
77 3897 208 3973 diuum„
236 3908 268 3959 et
289 3898 436 3959 locorum
452 3902 748 3982 quorumcumque,
780 3893 878 3955 etiarn
898 3892 1089 3972 juramento,

76 3983 321 4047 confirmatione
341 3979 543 4070 Apostolica,
563 3982 616 4048 vel
640 3979 755 4067 (quavis
772 3978 923 4040 sirrnitats
944 3975 1008 4048 alia
1032 3996 1089 4036 ro-
