2528 4522
16 2182 29 2205 ‘
122 2185 300 2272 perniciem
324 2185 481 2259 lucratur,
505 2205 546 2247 ex

120 248 195 320 on
271 230 363 332 app.
382 232 410 305 1.
432 234 477 304 aa
502 230 640 301 conon.
663 206 824 349 renen
874 224 959 297 sen.
982 174 1099 298 xxv}

121 422 258 495 ratibus,-
287 438 348 503 pro
375 413 540 478 communi
563 411 702 475 utilitate
729 410 879 476 satisfiat:
910 409 951 470 fic
971 403 1127 492 frequen-

124 511 190 570 tius
212 508 315 587 legera
336 504 481 575 solvere,
515 498 731 583 exernpsoque
759 498 891 583 potius,
921 515 1014 581 quam
1035 504 1125 554 certo

123 597 344 679 personarum,
382 606 551 671 nrurrrqne
570 583 711 659 delectu,
742 582 923 666 petentibus
948 579 1127 656 indulgere,

121 679 169 741 nit
191 674 279 738 aliud
300 672 360 748 en,
388 690 482 758 qnam
512 668 682 754 unicnique
711 667 750 729 ad
779 668 867 746 leges
887 663 1128 744 transgredien-

120 764 177 825 das
196 759 318 822 aditum
340 757 476 842 aperire.
545 751 753 838 Quapropter
763 756 875 819 ,sciant
897 750 1054 824 universi,
1075 751 1127 811 sa-

119 844 307 910 cratissimos
328 860 466 905 canones
484 853 595 902 exacte
615 840 654 899 ab
675 836 842 913 omnibus,
863 846 913 912 et,
934 833 1037 920 quoad
1058 833 1126 914 ejus

120 930 193 995 sacri
212 929 351 1017 poterit,
368 926 546 989 indistincte
569 920 794 988 observandos.
838 918 980 1003 Quodsi
1002 939 1128 997 urgens,

119 1016 254 1102 justaque
272 1013 376 1088 ratio,
407 1022 440 1073 et
473 1010 572 1092 major
592 1007 782 1094 quandoque
800 1008 924 1068 utilitas
945 1003 1129 1089 postulave-

119 1102 183 1174 rit,
216 1120 287 1163 cum
308 1097 467 1185 aliquibus
497 1092 743 1181 dispensandum
764 1091 846 1165 esse3
875 1090 928 1166 id,
957 1095 1047 1151 causa
1069 1109 1129 1150 co-

119 1187 227 1271 gnita,
261 1206 296 1249 ac
319 1189 437 1247 summa
460 1181 660 1249 maturitate,
690 1189 785 1264 atque
804 1176 923 1257 gratis,
955 1176 1129 1260 aquibus-

120 1292 271 1357 curnqua,
302 1269 342 1330 ad
375 1286 457 1354 quos
488 1263 683 1349 dispensatio
715 1262 908 1347 pertinebit,
935 1260 998 1322 erit
1032 1279 1128 1344 pree-

120 1356 280 1420 ttandum:
309 1352 466 1440 aliterque
495 1345 579 1413 facta
609 1347 806 1432 dispensatio
835 1345 1022 1432 subreptitia
1051 1365 1130 1434 cen-

121 1446 234 1507 sectur-

226 1712 236 1745 .
486 1624 490 1633 ’
520 1662 599 1731 cn.
621 1662 723 1731 x1x.

120 1806 398 1897 wemmam,
421 1809 545 1897 poenis
560 1803 775 1974 perpffimia
798 1807 992 1898 irrogatis,
1006 1808 1130 1895 prosci-

182 2010 384 2077 Datettabisis
402 2010 585 2077 duellorum
606 2012 694 2088 usus,
711 2009 886 2078 fabricante
906 2012 1053 2091 diabolo,
1073 2013 1128 2076 io-

122 2096 296 2173 trnductus,
317 2109 350 2161 ut
371 2112 499 2161 cruenta
515 2120 569 2160 cor
593 2120 686 2162 orum
703 2112 817 2175 morte,
837 2101 1015 2163 animarum
1031 2099 1129 2162 etiam

567 2121 745 2247 dirrisiiano
771 2188 847 2248 orbe
869 2187 997 2271 penitus
1018 2197 1130 2275 exter-

121 2270 278 2335 minetur:
301 2270 495 2355 imperator,
515 2289 626 2349 reges,
645 2268 750 2346 duces,
770 2272 944 2356 principes,
965 2271 1130 2335 marchio-

122 2376 202 2431 nes,
229 2355 389 2429 contritee,
422 2366 454 2418 et
487 2375 623 2440 quocum
647 2376 685 2418 ue
716 2353 782 2416 alio
815 2357 971 2433 nomine,
1002 2355 1130 2418 domini

123 2442 339 2526 terarporalesr
379 2440 435 2582 tpri
465 2440 573 2501 locum
604 2376 645 2502 ad
677 2442 931 2503 monomachiam
966 2441 1000 2503 in
1035 2440 1149 2502 terris

123 2525 189 2588 suis
204 2527 288 2586 inter
301 2522 392 2587 Chris
405 2524 496 2584 ianoe
514 2523 742 2597 concesserint,
763 2545 802 2586 eo
826 2524 894 2610 ipso
912 2527 973 2588 sint
994 2547 1131 2588 excom·

122 2608 294 2673 aaronicntir
323 2628 359 2669 ac
378 2607 618 2687 jurisdictione,
650 2620 682 2670 et
703 2608 851 2672 dominio
884 2611 1045 2687 civitatis,
1076 2632 1130 2670 ca-

123 2692 190 2761 stri.
223 2703 276 2753 cant
300 2692 381 2763 soci,
409 2690 442 2751 in
466 2713 550 2777 «pun,
586 2693 639 2753 ret
669 2692 752 2777 apud
776 2716 871 2779 quern
892 2695 1035 2758 duellum
1056 2695 1129 2756 fieri

148 2776 348 2853 errariserint,
374 2772 459 2862 quod
480 2778 518 2837 ab
535 2778 661 2839 ecclesia
682 2779 851 2856 obtinent,
888 2783 1010 2866 privati
1029 2781 1130 2842 intel-

122 2800 286 2945 iiganturr
318 2875 369 2939 et,
403 2862 424 2921 ti
446 2854 687 2938 sandaliotim,
716 2860 847 2928 directis
866 2864 1009 2930 dominis
1028 2865 1130 2929 statim

123 2948 339 3037 acquirentur.
389 2941 457 3031 Qui
480 2967 558 3010 raro
581 2968 720 3033 pugnarn
740 2951 975 3024 commiserint3
1009 2963 1042 3014 et
1074 2952 1130 3038 qui

123 3055 236 3099 eorum
248 3031 368 3119 patrini
381 3044 552 3108 vocantur3
573 3036 927 3112 excommunicationis,
940 3058 975 3100 ec
984 3038 1131 3100 omnium

124 3120 283 3183 bonorum
303 3122 428 3182 snorum
451 3118 705 3205 proscriptionis,
725 3141 760 3181 ac
783 3133 954 3219 perpetuae
978 3119 1132 3184 infamiae

124 3224 263 3288 poenam
283 3203 463 3277 incurrant3
493 3214 526 3267 et
547 3215 581 3266 nt
617 3204 812 3281 homicidae,
839 3218 929 3287 Juxta
950 3212 1055 3269 sacros
1076 3229 1131 3268 ca-

124 3308 245 3363 nones,
266 3287 375 3373 puniri
396 3285 542 3351 debunt.
583 3286 634 3363 Et,
652 3291 676 3353 ti
697 3291 823 3374 inipso
845 3292 999 3354 conflictu
1020 3292 1132 3354 deces-

124 3371 246 3463 serint3
273 3383 431 3457 perpetuo
458 3383 585 3437 careant
611 3375 808 3437 ecclesiattica
838 3379 1010 3463 sepulture.
1072 3375 1132 3438 Isli

85 3496 90 3511 .
124 3455 240 3528 etiarn,
272 3458 328 3541 qui
357 3457 524 3523 consilium
554 3458 589 3520 in
616 3464 706 3522 causa
735 3459 855 3540 duelli,
896 3474 958 3525 tarn
987 3463 1024 3523 in
1050 3462 1130 3544 jure,

125 3561 220 3625 quarn
242 3532 324 3602 sacro
356 3541 523 3613 dederinta
553 3554 607 3606 aut
638 3546 701 3606 alia
723 3567 916 3633 quacumque
939 3549 1063 3610 ratione
1091 3546 1130 3608 ad

124 3623 160 3685 id
179 3642 370 3708 quemquam
399 3628 571 3697 suaserint:
604 3650 662 3691 nec
688 3651 753 3693 non
784 3636 976 3718 spectatores
998 3652 1131 3695 excom-

124 3707 370 3786 municationis,
400 3732 436 3770 ac
467 3725 639 3797 perpetuae
669 3715 905 3781 taraledictionis
929 3719 1056 3781 vinonio
1080 3727 1130 3776 te-

123 3805 276 3856 neantur:
296 3814 362 3854 non
382 3794 517 3858 obstante
535 3820 733 3885 quocumque
753 3803 939 3887 privilegio,
958 3806 1012 3867 seu
1031 3819 1130 3887 prava

118 3876 367 3956 consuetudine,
390 3880 486 3943 etiam
508 3883 768 3951 immemorabili.
