2528 4522
457 237 461 243 Ι
482 260 589 345 Bulla
612 268 824 377 indiciionis.
1117 282 1144 359 7

125 462 161 514 et
184 455 389 534 urgeremus;
423 471 482 515 uec
509 454 623 528 solum,
641 450 765 518 duobus
790 450 959 518 antedictis
979 451 1141 544 principi·

126 540 204 614 bus,
249 559 362 601 verum
389 537 486 602 etiarn
516 539 673 602 carissimo
704 541 739 603 in
761 537 883 601 Christo
915 540 988 603 filio
1024 542 1140 621 nostro,

124 621 348 700 Ferdinando,
390 625 459 704 regi
492 621 731 704 Romanorum,
764 624 947 705 videretur,
980 627 1141 691 actionem

125 711 277 786 concilii,
299 709 359 772 nisi
378 730 455 793 pace
476 706 577 788 facta,
597 710 717 797 suscipi
737 732 805 774 non
825 720 997 797 oportere,
1016 713 1141 776 cuncti·

125 817 188 881 que
212 817 230 856 e
251 796 345 857 nobis
362 815 420 878 per
440 796 565 860 litteras
586 800 722 884 suosque
745 796 1140 876 oratorescontenderent,

123 892 162 942 ut
184 882 263 942 alias
278 884 383 943 rursus
399 882 557 968 temporis
577 881 824 968 prorogationee
842 877 1028 960 faceremus,
1050 903 1142 967 prae-

124 966 221 1052 cipue
241 976 347 1028 autern
367 965 494 1029 inflaret
514 967 730 1032 serenissimus
758 971 879 1047 caesar,
900 968 1086 1068 promisisse
1107 972 1141 1033 se

124 1051 341 1114 demonstrans
362 1050 424 1129 iis,
469 1053 502 1115 ui
520 1074 539 1116 a
559 1054 718 1135 catholica
743 1054 865 1116 unitate
885 1051 1085 1132 drss'eutiuat,
1106 1057 1140 1118 se

123 1159 258 1224 operam
279 1141 366 1200 suem
386 1074 470 1222 apud
492 1160 553 1203 nos
564 1138 851 1226 interpositarum,
876 1148 913 1202 ut
932 1140 1038 1227 aliqua
1059 1160 1140 1203 con·

101 1218 105 1226 “
124 1223 255 1284 cordiae
275 1223 358 1284 ratio
380 1223 545 1302 iniretur3
567 1223 651 1311 quod
674 1234 748 1308 ante
769 1228 855 1288 suam
877 1224 914 1288 in·
934 1220 1140 1289 Germaniam

122 1307 361 1394 prosectionem
382 1319 456 1394 apte
478 1331 545 1372 non
566 1307 669 1396 posset
685 1308 779 1372 fieri:
801 1330 862 1373 noe
882 1304 994 1373 eedem
1014 1315 1140 1396 semper

123 1399 181 1480 spe
204 1395 308 1481 pacis,
341 1404 373 1456 et
405 1405 569 1459 tantorum
600 1395 785 1480 principum
808 1396 976 1458 voluntate
1002 1395 1141 1468 adducti,

122 1502 197 1542 cum
233 1478 421 1565 praesertim
458 1479 678 1559 cerneremus,
710 1501 753 1548 ne
783 1479 821 1544 ad
854 1479 975 1544 dictum
1009 1481 1140 1571 quidem

121 1565 368 1628 resurrectionis
399 1561 512 1629 festum
544 1567 627 1628 alios
656 1567 819 1653 praelatos
841 1564 1029 1631 Viceutiam
1058 1587 1140 1629 cou-

121 1650 264 1723 veniise,
284 1652 527 1736 prorogationis
546 1673 665 1715 nomen
685 1653 748 1736 jam
762 1646 944 1732 fugientes,
965 1651 1049 1740 quod
1071 1662 1138 1714 tam

120 1741 220 1822 saepe
238 1731 347 1798 frustra
368 1732 474 1799 iuerat
494 1741 682 1823 repetitum,
710 1734 958 1801 celebrationem
979 1738 1139 1825 generalia

122 1823 256 1885 concilii
286 1821 324 1884 ad
353 1823 491 1885 nostrum
520 1835 553 1886 et
582 1824 667 1887 sedis
694 1824 882 1908 apostolicae
903 1824 1139 1910 beneplacitum

121 1907 316 1994 suspendere
342 1909 530 1972 maluimus:
562 1909 671 1997 itaque
699 1906 852 1987 fecimus,
880 1917 918 1972 'et
938 1909 978 1975 de
1002 1913 1141 1995 suspen-

122 1995 211 2056 sione
253 1993 437 2078 hujusmodi
468 1995 591 2058 litteras
630 1994 668 2057 ad
705 1997 847 2082 singulos
882 1997 915 2057 su
942 1995 1140 2057 radictorum

122 2079 308 2165 principum
337 2078 459 2142 decime
478 2079 531 2141 die
553 2079 629 2145 Jun.
645 2078 692 2143 Μ.
714 2079 754 2143 D.
777 2077 909 2143 XXXI
951 2123 959 2142 .
981 2079 1140 2156 dedimus,

121 2167 201 2227 licut
224 2186 267 2227 ex
296 2165 367 2228 illis
400 2165 566 2254 perspicue
588 2165 688 2252 potest
708 2160 851 2246 intelligi
864 2163 913 2242 ¹¹),
966 2163 1012 2227 Ea
1030 2165 1139 2249 itaque

120 2250 328 2335 suspenfione
347 2248 521 2312 necessario
549 2271 608 2335 per
629 2271 691 2312 noe
721 2246 823 2326 facta,
846 2249 924 2311 dum
949 2259 1076 2334 tempus
1097 2249 1140 2307 il-

120 2336 180 2397 lud
203 2330 312 2414 magis¹
327 2333 482 2396 idoneum
504 2353 522 2393 a
541 2334 654 2406 nobis,
692 2335 842 2418 pacisque
873 2334 980 2418 alique
1009 2332 1141 2395 conclu·

121 2422 169 2484 tio
190 2428 397 2505 expectatur3
417 2437 498 2503 quae
519 2426 551 2477 et
569 2414 761 2494 dignitatem
783 2413 887 2501 postea
906 2413 1140 2507 frequentiam-

123 2527 186 2593 que
215 2505 373 2580 concilio,
407 2513 440 2564 er
460 2499 654 2564 Christianae
672 2500 754 2584 reip.
780 2503 1032 2586 praesentiorem
1052 2504 1139 2567 salu-

122 2602 190 2655 tem
210 2582 277 2654 eret
299 2590 452 2671 allatura3
487 2583 681 2649 Christianae
711 2585 835 2650 interea
857 2607 909 2650 res
937 2589 973 2652 in
996 2587 1139 2651 deterius

123 2676 272 2764 quotidie
284 2676 451 2762 prolapsae
470 2675 562 2750 sunt,
583 2670 766 2752 Hungaris,
786 2693 862 2752 rege
882 2672 1027 2759 ipsorum
1047 2694 1139 2737 ruor-

123 2775 201 2841 tuo,
231 2760 369 2824 Turrem
390 2759 598 2832 vocantibus3
634 2754 844 2821 Ferdinando‘
861 2765 944 2843 rege
957 2761 1079 2823 ballum
1101 2759 1138 2822 in

123 2870 182 2912 eos
211 2856 387 2921 moventes
416 2842 529 2924 Belgis
559 2841 598 2904 ad
632 2838 846 2907 defectionem
880 2864 898 2906 a
928 2840 1062 2909 Caesare
1094 2865 1137 2907 ex

121 2945 215 3021 parre
236 2932 371 3020 quadism
391 2929 549 2990 incitatis:
579 2928 666 3011 cujus
699 2924 891 2995 deiectionis
919 2950 989 2993 com
1015 2931 1140 2993 rimen-

122 3021 183 3083 dae
205 3021 293 3081 causa
315 3036 373 3102 per
388 3010 527 3077 Galliam
543 3012 740 3091 amicissime,
758 3025 792 3077 et
812 3036 884 3078 cum
897 3034 972 3095 rege
985 2952 1140 3079 &hristia-

121 3106 252 3170 nisfimo
276 3100 535 3176 concordissime,
557 3120 672 3184 magno
693 3101 869 3163 benevolae
890 3101 975 3164 inte'r
997 3120 1053 3164 eos
1074 3121 1139 3163 vo-

121 3191 259 3254 luntatis
281 3184 422 3262 indicio,
451 3185 611 3247 transiens
633 3184 668 3248 in
687 3185 804 3267 Belgae
823 3185 1035 3271 serenissimus
1054 3182 1138 3249 Cae·

122 3282 193 3356 sar,
216 3287 248 3338 et
269 3275 363 3335 illinc
383 3269 500 3341 deinde
522 3271 558 3334 in
569 3268 775 3334 Germaniam
792 3265 965 3356 profectus,
990 3294 1137 3337 conven-

123 3352 178 3426 tus
199 3359 390 3423 Germaniae
411 3356 611 3443 principum,
633 3368 667 3420 et
677 3357 844 3419 civitatum
859 3358 1039 3422 tractandae
1059 3358 1136 3440 ejus,

124 3469 221 3537 quarn
244 3446 390 3518 dixerat,
420 3442 609 3506 concordiae
636 3447 725 3507 causa
753 3444 870 3506 habers
899 3445 1017 3530 coepit.
1073 3441 1138 3504 Sed

125 3557 215 3609 cum,
249 3534 304 3618 spe
339 3527 426 3616 pacis
456 3528 519 3610 jam
548 3524 733 3605 deficiente,
766 3529 829 3609 ¹ille
863 3551 989 3616 quoque
1019 3529 1137 3592 modus

124 3617 283 3682 curandae
305 3616 339 3677 iu
362 3614 593 3690 conventibus,
624 3612 864 3701 tractandaeque
887 3613 1075 3678 concordiae
1097 3610 1138 3673 ad

125 3707 263 3789 majores
282 3701 394 3788 potius
423 3697 598 3763 discordias
620 3700 823 3764 concitandae
842 3710 937 3787 aptus
958 3699 1021 3764 effe
1043 3695 1143 3761 vide-⁴

163 3985 197 4052 h)
215 3984 258 4040 (ΒΓ.
277 3984 452 4042 Mouurueur.
468 3983 503 4037 ad
521 3978 614 4038 histor.
634 3983 734 4038 concil.
749 3983 874 4038 Trideur.
892 3982 926 4038 T.
936 3981 969 4034 ΙΙ.
988 3983 1075 4046 p.630
1082 3977 1138 4048 sqq.
