2528 4522
14 4034 45 4249 l
77 4120 89 4216 ι

117 266 169 344 ab
216 232 310 360 bpp.
335 267 363 335 1.
389 267 436 336 ae
462 266 598 335 conen.
623 266 787 336 urerent.
839 267 921 337 sen.
949 265 1040 338 vnr.

116 462 187 513 tur:
219 462 250 513 et
280 460 402 512 attento
432 450 529 511 etiarn
560 450 745 511 imminenti
775 451 919 536 periculo
954 449 1061 525 vitre,
1099 461 1131 512 et

116 538 190 598 aliis
212 538 307 598 causis
331 557 388 620 per
409 536 535 621 aliquos
558 557 600 597 ex
628 538 770 620 patribus
794 540 829 599 in
853 537 927 622 ipsis
954 540 1131 613 congrega-

5 681 10 694 ,
115 623 258 684 tionibus
282 621 444 699 allegatis,
479 632 591 704 utpote
617 625 747 684 notorie
776 624 879 698 veris,
912 631 944 682 et
965 622 1128 700 legitimis,

115 711 261 793 placetne
297 709 391 768 vobis
421 708 566 768 sirniliter
594 705 781 785 decernere,
817 720 848 770 et
881 706 1040 769 declarare
1069 729 1127 791 pro

116 792 377 868 conservatione,
411 805 443 854 et
463 793 685 878 prosecutione
704 795 801 879 ipsius
824 793 975 866 concilii,
1008 795 1129 854 securi-

117 891 179 941 tate
203 882 285 940 vitae
309 884 452 963 ipsorum
481 880 714 963 praelatorum,
751 881 923 941 concilium
954 878 1062 961 ipsum
1090 878 1126 939 ad

115 966 279 1026 civitatem
301 964 489 1039 Bononiae,
523 966 624 1025 veluti
649 965 687 1025 ad
715 966 820 1026 locurn
843 965 944 1042 tnagis
972 975 1127 1046 paratoni,

115 1052 281 1125 lirlubrenr,
303 1061 334 1111 et
359 1050 511 1112 idoneunr
533 1071 593 1134 pro
615 1061 761 1135 ternpore
777 1048 1036 1113 transferendum
1054 1048 1127 1124 elle,

114 1149 201 1200 etex
220 1160 303 1199 nunc
320 1131 494 1211 transferri,
514 1148 546 1198 et
561 1135 680 1197 ibidem
696 1138 861 1198 sessionem
880 1136 943 1218 jarn
961 1133 1127 1210 indictam,

113 1223 220 1284 statuta
244 1224 306 1299 die,
329 1224 479 1302 vigesima
493 1223 597 1307 prirna
611 1219 748 1306 Aprilis,
770 1220 989 1284 celebrandam
1000 1218 1076 1297 esse,
1095 1234 1127 1282 et

113 1310 282 1379 celebrari3
305 1320 336 1369 et
357 1309 525 1370 successive
537 1308 574 1369 ed
589 1310 741 1370 ulteriora
758 1308 1003 1391 procedendum,
1025 1306 1125 1368 donec

112 1396 303 1456 sanctissimo
331 1394 463 1455 dornino
494 1393 619 1471 nollro,
651 1405 682 1454 et
704 1397 790 1456 sacro
813 1395 952 1455 concilio
970 1391 1124 1476 expedire

112 1480 291 1556 videbitur,
313 1492 348 1540 nt
370 1480 406 1541 ed
432 1481 531 1554 bunc,
549 1483 602 1541 seu
623 1472 722 1540 eliuur
745 1481 869 1553 locurn,
890 1478 1123 1540 communicato

110 1568 208 1628 etiarn
242 1566 373 1628 consilio
407 1587 477 1626 curn
507 1565 714 1627 invictissimo
737 1563 885 1640 Caesare,
922 1562 1126 1625 Christianis-

109 1653 187 1713 fimo
211 1673 301 1731 rege,
322 1663 354 1711 et
377 1651 450 1710 aliie
474 1653 617 1729 regibus,
646 1673 681 1712 ec
701 1652 901 1736 principibus
927 1648 1125 1723 Christianis,

109 1737 214 1821 ipsurn
238 1737 412 1798 concilium
437 1735 544 1797 reduci
567 1738 683 1822 possit,
703 1749 735 1798 et
756 1734 893 1798 debeat?
935 1734 1125 1819 Responde-

109 1823 539 1977 russlfiefflc'ffi'ellbsupmscripmm
572 1909 670 1976 placuit
695 1908 774 1973 longe
799 1905 890 1972 majori
918 1902 986 1974 parii
1013 1915 1124 1978 petrum,

101 1982 344 2037 contradicentibus
359 1990 445 2035 umen
463 1987 490 2034 et
507 1981 593 2050 palem
611 1979 806 2033 reclamantibus
825 1979 942 2046 patribus
959 1983 1096 2035 umutile.

107 2145 142 2212 x)
159 2145 274 2198 Nomina
295 2143 495 2216 praelatorum,
525 2140 574 2213 qui
596 2139 784 2212 interfuerunt
807 2138 983 2194 translationi
995 2141 1123 2195 concilii.

179 2258 356 2315 Praesidd.
384 2262 418 2309 et
440 2253 717 2321 archiepiscopi:
745 2251 824 2304 tidem
848 2254 892 2320 qui
920 2254 947 2307 in
975 2254 1031 2309 seli.
1056 2256 1126 2321 Vll,

109 2340 212 2401 except.
232 2333 289 2386 Jac.
307 2328 420 2382 Canobo.
456 2326 638 2394 Episcopi:
663 2324 740 2375 iidem
762 2324 891 2391 (excepti.
911 2325 949 2379 ld.
968 2328 1001 2381 t.
1019 2328 1124 2392 crucio,

108 2409 144 2459 G.
164 2423 179 2455 a
198 2407 294 2466 Proto,
321 2401 455 2464 Dionysio,
479 2399 513 2451 Ε.
532 2397 683 2458 Tlreodino‚
706 2396 737 2449 P.
755 2395 786 2448 F.
806 2397 930 2457 Ferreto.
949 2400 980 2452 Α.
998 2398 1123 2464 Ριῐοὴιίί,

107 2476 139 2530 P.
161 2477 288 2536 bertono‚
314 2473 345 2526 C.
365 2472 463 2533 Musio,
490 2468 540 2522 Tb.
559 2468 592 2518 de
610 2466 706 2530 Stella)
726 2469 769 2532 qui
788 2468 814 2518 iu
833 2469 887 2521 sels.
908 2468 966 2523 Vll.
1015 2471 1123 2522 Abba-

108 2554 176 2597 tce:
203 2545 280 2594 iidem
303 2540 337 2593 ib.
357 2540 520 2593 Generel.
552 2536 719 2589 ordinum:
748 2536 824 2590 iidem
850 2539 903 2604 ib,
937 2540 1066 2609 (exceptt
1091 2542 1122 2595 B.

107 2619 173 2677 Pio,
191 2615 224 2667 N.
245 2613 370 2677 Audeto).
389 2638 424 2649 -
469 2614 583 2670 Patres,
606 2608 652 2677 qui
675 2626 726 2658 non
744 2607 933 2677 consenserunt
953 2611 983 2662 in
999 2613 1123 2664 translu-

108 2687 204 2737 tionem
219 2681 336 2735 concilii.-
357 2681 665 2751 cardinalia-Peto
680 2679 804 2734 Pacecus.
832 2680 1121 2753 Arcbiepiscopir

108 2759 179 2810 Salr.
200 2754 273 2808 Alex.
292 2755 423 2815 salsurus,
452 2753 522 2804 Petr.
543 2747 685 2816 Taglieria.
731 2749 914 2820 Episcopi:
935 2754 972 2805 Μ.
992 2756 1122 2823 Vigerius,

10 2820 18 2827 ’
107 2827 140 2881 B.
160 2827 310 2893 Martettns,
329 2827 359 2881 C.
380 2826 557 2888 Martyrium,
579 2822 610 2876 B.
629 2821 661 2873 de
681 2820 825 2887 Haeredia,
849 2824 875 2877 J,
894 2824 1026 2891 Fousece,
1044 2829 1070 2880 J.
1089 2828 1121 2879 de

107 2900 229 2964 Selezar,
258 2899 292 2949 H.
311 2900 344 2948 de
364 2896 494 2958 Bononia,
520 2895 549 2947 F.
569 2893 601 2944 de
620 2893 750 2958 Navarra,
779 2895 892 2967 Didacup
918 2897 952 2947 de
970 2899 1065 2963 Alere,
1089 2899 1119 2952 P.

107 2969 141 3021 de
160 2971 313 3037 Augustinls,
333 2968 364 3022 Β.
384 2968 458 3030 Diae,
476 2970 507 3019 Α.
526 2966 559 3016 de
577 2966 677 3033 Cruce,
704 2965 737 3019 B.
762 2966 878 3034 Limpur,
897 2968 1023 3022 cnutho
1038 2969 1073 3024 de
1095 2972 1120 3022 lu

106 3043 232 3110 Guiscbe,
250 3042 353 3108 Geleet.
370 3039 561 3094 Florimontius.
918 3088 921 3092 .

461 3233 605 3298 SESSIO
623 3231 765 3314 NONA,
801 3264 804 3271 ¹

142 3357 283 3413 Bononiae
300 3355 436 3411 celebrata
455 3356 499 3409 die
518 3358 599 3423 XXJ.
618 3355 715 3410 mensu
733 3356 838 3426 Aprilis
859 3349 898 3412 Μ.
917 3353 953 3443 ¹³⁴.
969 3358 1086 3417 van,

265 3557 270 3565 .
286 3499 474 3570 Decretum
492 3505 754 3592 prorogationis
772 3501 957 3599 seffionio.

167 3631 253 3694 Haec
273 3638 463 3697 sacrosancta
484 3637 704 3713 oecumenica,
735 3646 767 3698 et
787 3632 947 3716 generalis
972 3636 1122 3715 synoduS,

104 3741 183 3807 quae
205 3719 323 3781 dudum
348 3723 383 3784 in
402 3724 533 3788 civitate
550 3725 701 3791 Tridenti
723 3738 912 3807 congregate
937 3741 1016 3806 erat,
1037 3750 1120 3797 nunc

138 3941 169 3999 x)
188 3939 230 3990 Ex
249 3940 357 3993 collect.
375 3935 512 4005 babeam
526 3941 605 4009 ΚΝ.
623 3956 651 4007 p.
669 3937 799 4009 785sqq,
