2528 4522
122 271 197 341 cto
273 255 366 353 app.
388 253 416 323 1.
438 251 487 321 ad
511 247 653 327 concil.
678 246 847 320 Trident
889 250 977 322 sets.
996 248 1114 325 XXV.

535 429 616 496 Gar.
637 429 724 497 XV.

123 536 231 623 {sitii
255 530 462 600 clericorum
484 552 507 596 α
528 528 739 620 quiboedam
759 526 942 620 beneficiia
964 546 1000 601 et
1016 534 1150 626 penfio·

476 613 580 681 tribua
600 619 793 701 tercentum]

190 743 233 806 Ut
254 752 406 830 pateruae
436 741 693 808 incontinentiae
722 739 883 806 memoria
904 763 923 804 a
944 743 1048 818 locis,
1082 743 1151 807 Deo

128 831 339 907 consecratis,
373 849 455 914 quoe
475 829 617 891 maxime
638 827 786 914 puritaa,
816 831 1034 916 sanctitasque
1054 827 1153 906 decet,

128 914 309 999 longissime
332 924 494 988 arceatur3
532 935 602 977 uon
627 912 724 975 liceat
746 914 828 975 filiis
850 915 1064 991 clericorum,
1098 916 1154 1000 qui

129 1022 197 1065 non
231 1021 274 1063 ex
303 998 452 1079 legitimo
481 1000 552 1063 nati
579 1001 653 1063 sunt
683 997 911 1075 matrimonio,
945 1001 983 1062 in
1005 1003 1154 1076 ecclesiia,

131 1086 187 1149 ubi
208 1105 324 1148 eorum
391 1083 661 1147 treebeneliciurn
682 1081 814 1168 aliquod
838 1084 1075 1148 ecclesiasticum
1095 1088 1156 1147 ba·

130 1172 225 1252 beot,
258 1180 314 1233 aut
369 1171 544 1247 abuerunt,
578 1166 817 1256 quodcumque,
859 1171 957 1232 etiam
994 1171 1157 1246 dissimile,

132 1256 325 1321 beneficium
356 1254 525 1331 obtiner03
544 1314 547 1319 ,
566 1275 627 1317 uec
655 1253 691 1318 in
723 1249 820 1315 dictis
854 1256 994 1317 ecclesiia
1028 1279 1156 1342 quoquo

133 1341 232 1405 inodo
254 1338 450 1414 ministrare;
482 1360 541 1405 nec
571 1338 740 1425 pensiones
761 1338 856 1425 [uper
877 1333 1038 1405 fructibus
1060 1345 1159 1405 bene-

134 1426 304 1500 ficiorum,
345 1446 424 1513 quae
456 1435 606 1510 parantea
637 1444 750 1487 eorum
786 1424 955 1501 obtinent,
988 1429 1043 1489 vel
1078 1430 1157 1489 aliae

136 1512 364 1585 obtinuerunt,
386 1510 515 1573 babere.
544 1570 548 1581 ,
572 1504 673 1591 Quod
697 1509 720 1571 fi
744 1509 962 1595 inpraesenti
986 1527 1091 1597 pater,
1125 1523 1159 1574 et

135 1597 226 1661 fitius
248 1600 282 1660 iu
307 1593 419 1659 eadent
439 1594 567 1658 ecclesia
587 1594 741 1656 beneficia
768 1596 916 1658 obtinere
938 1600 1159 1684 reperiantur3

135 1692 269 1761 cogatur
290 1679 380 1745 litiae
400 1684 492 1743 suurn
514 1679 705 1743 beneficium
728 1679 899 1761 resignare,
921 1695 977 1744 eut
998 1706 1070 1746 cum
1091 1684 1157 1745 alio

136 1777 320 1855 permutare
342 1774 434 1827 extra
446 1762 605 1827 ecclesiam
617 1761 703 1843 intra
724 1765 824 1827 trium
838 1767 993 1831 mensium
1005 1770 1159 1853 spatium:

138 1850 219 1915 eliae
241 1852 313 1936 ipso
334 1848 403 1932 juce
432 1868 472 1911 eo
496 1848 643 1933 privatur
663 1846 792 1926 existat,
826 1862 858 1912 et
877 1854 973 1937 super
995 1855 1040 1916 iie
1061 1875 1161 1940 quae-

138 1957 274 2024 cumque
306 1932 505 2020 dispensatio
536 1934 722 2018 subreptitia
753 1938 928 2000 censeatur.
991 1935 1043 2002 Ad
1070 1941 1161 2013 baec,

139 2020 324 2122 reciprocae
345 2019 594 2105 refigurationes,
621 2020 648 2082 li
674 2039 755 2105 quae
786 2021 913 2104 poshac
935 2042 953 2083 a
976 2027 1161 2109 parentibus

141 2107 267 2171 clericis
294 2106 329 2169 in
357 2099 506 2168 levorem
535 2105 681 2169 filiorum
712 2104 812 2183 fient,
848 2118 884 2170 ut
914 2109 996 2172 alter
1026 2110 1160 2170 alterius

92 2180 98 2195 ¹
141 2191 334 2261 beneficium
365 2189 596 2276 consequatur,
623 2189 660 2252 in
682 2184 826 2254 fraudem
847 2192 943 2275 hujus
965 2192 1100 2270 decreti,
1127 2205 1162 2256 et

144 2277 369 2341 canonicarum
402 2276 602 2339 sarrctionum
631 2270 739 2338 'sactae
780 2278 916 2341 omuino
957 2283 1159 2344 censeantur:

144 2384 204 2427 nec
225 2361 417 2425 collationes
438 2366 578 2438 secutae,
613 2359 726 2442 vigore
755 2361 941 2446 huiuamodi
972 2366 1163 2447 resignatio-

146 2468 242 2518 uum,
274 2451 327 2509 lau
350 2445 484 2507 aliarum
516 2467 801 2531 quarumcumque,
834 2470 912 2533 quae
950 2449 986 2512 in
1018 2446 1163 2514 fraudem

147 2529 246 2594 lectae
269 2528 406 2606 luerint,
426 2530 503 2616 ipiie
523 2530 712 2595 clericorum
735 2533 813 2594 liliic
834 2534 1057 2616 suffragentur.

555 2679 633 2748 Car.
655 2680 755 2751 XVI.

149 2776 345 2953 [rBentcfioio
375 2788 503 2845 curata
532 2802 600 2847 non
630 2795 880 2851 convertantur
912 2788 951 2853 in
965 2788 1165 2876 fimplioio:

171 2876 334 2934 rucluttm
366 2885 523 2962 congrue
540 2866 658 2953 portio
684 2866 875 2957 offlgnetrcr
905 2872 1038 2939 vicario
1064 2897 1167 2940 exer-

419 2959 512 3015 centa
533 2973 655 3017 curam
676 2953 902 3040 aniciorum]

218 3072 337 3138 Statuit
357 3075 459 3137 sancta
477 3070 626 3154 synodus,
648 3085 682 3137 ut
704 3076 901 3140 ecclesiastica
922 3079 1075 3142 beneficia
1097 3083 1168 3143 sae·

155 3161 290 3234 colaria,
323 3179 521 3246 quocumque
543 3161 675 3224 nomine
704 3164 925 3247 appellentur,
960 3186 1038 3250 quae
1061 3188 1168 3228 curam

156 3248 333 3309 attimacum
353 3267 395 3307 ex
417 3246 581 3331 primaeva
609 3266 720 3310 eorum
749 3248 967 3325 institutione,
996 3264 1049 3311 aut
1075 3253 1169 3314 aliter

158 3330 456 3415 quomodocumque
475 3331 626 3407 retinent,
647 3332 706 3394 illa
723 3331 875 3420 deinceps
899 3336 934 3396 in
954 3336 1090 3420 simplex
1113 3341 1170 3399 be-

159 3418 325 3492 neficium,
352 3418 462 3479 *etiam
498 3417 645 3497 assignata
684 3419 806 3481 vicario
840 3430 996 3506 perpetuo
1029 3442 1170 3500 congrua

159 3506 331 3588 portione,
364 3522 429 3565 non
458 3513 702 3566 convertantur:
735 3526 801 3568 non
826 3506 1016 3569 obstantibus
1038 3509 1172 3592 quibus-

161 3586 426 3669 cumquegratiia,
447 3581 526 3673 qua'e
545 3591 635 3650 suum
654 3589 833 3672 plenarium
846 3591 994 3654 effectum
1011 3613 1077 3654 non
1097 3598 1171 3653 sunt

163 3671 353 3737 consecutae.
417 3673 451 3733 ln
473 3673 515 3732 iia
537 3694 631 3747 vero,
662 3678 695 3734 iu
718 3676 832 3758 quibua
853 3689 962 3737 contra
984 3697 1091 3737 earum
1115 3679 1170 3737 in-

146 3759 378 3831 llitutiottem,
409 3763 460 3819 seu
486 3755 703 3819 fundationem
726 3781 797 3819 cura
820 3762 996 3823 animarum
1019 3761 1050 3819 in
1079 3762 1170 3821 vica-

147 3849 247 3913 ¹rium
270 3853 457 3927 perpetuum
480 3844 628 3903 translata
651 3842 707 3915 ell,
730 3844 826 3905 etiam
850 3847 872 3906 li
896 3848 929 3908 in
953 3847 1013 3906 hoc
1034 3843 1109 3904 statu
1133 3851 1170 3907 ab

167 3928 414 3994 immemorabili
436 3940 579 4010 ternpore
602 3928 820 4012 reperiantur,
853 3930 1035 4014 Iicongrua
1058 3933 1171 4016 portio
