2528 4522
361 271 506 345 Deeret
527 267 793 368 prorogationis
818 268 892 345 soff.
1011 324 1018 337 ·
1059 286 1133 369 109

379 451 526 520 snss10
548 450 717 520 necnon
737 412 913 533 norm,
962 436 966 445 '

318 607 389 661 quae
407 586 446 644 eii
460 592 540 642 tertia
558 585 609 640 iub
626 589 679 643 Pio
696 588 747 642 IV.
764 586 845 641 Pom.
865 586 942 651 Max.

346 677 482 734 celebrata
500 677 545 731 dia
560 677 641 733 xlv.
658 678 727 746 Maii
744 676 784 730 Μ.
795 676 831 731 D.
840 675 926 731 [ΧΠ.

302 816 493 883 Decretum
511 815 776 904 prorogationie
790 812 959 905 Jeffionie.

184 923 385 989 sacrosancto
424 925 643 1003 oecumenico,
681 937 715 989 et
755 926 911 1007 generalis
945 924 1139 992 Tridentino

120 1010 286 1091 iynodua,
304 1012 341 1074 in
362 1011 486 1097 Spiritu
507 1016 616 1075 sancto
637 1012 783 1093 legitime
804 1010 1014 1094 congregata,
1043 1034 1140 1097 prae-

119 1094 295 1165 fidentibue
326 1097 362 1160 iu
398 1118 435 1159 ee
471 1097 593 1160 eisdem
611 1094 640 1176 1)
678 1097 865 1183 apostolicae
893 1097 976 1160 fedis
1014 1099 1139 1195 legatia,

118 1178 249 1245 decreta
270 1202 326 1255 ca,
355 1203 435 1268 quaa
456 1182 556 1246 hodie
576 1183 613 1245 in
637 1183 797 1267 praesenti
818 1181 951 1247 ieffione
972 1182 1140 1265 statuenda,

123 1265 350 1347 resarcienda
372 1279 481 1347 erent,
502 1267 587 1349 justia
609 1269 799 1344 nonnullis,
833 1288 867 1330 ac
898 1268 1037 1331 honeliia
1063 1292 1141 1333 cau-

121 1352 165 1415 fia
197 1352 235 1417 in
265 1350 383 1415 seriam
418 1353 581 1439 quintam,
624 1352 692 1437 post
724 1351 907 1438 proximam
922 1350 952 1436 ²)
984 1353 1141 1419 solemni·

121 1448 236 1539 tatem
258 1439 405 1523 corporis
439 1437 570 1514 Christi,
612 1438 785 1539 queaerit
811 1438 918 1524 pridie
948 1460 1050 1501 nonae
1079 1438 1141 1504 Ju-

120 1521 970 1687 tt:frtttttt‘ttntititit*’atttt‘ttttt
992 1524 1141 1675 titt}

121 1691 251 1757 indicit.
302 1691 430 1756 Interea
451 1693 609 1773 rogandus
636 1694 677 1756 est
698 1692 803 1773 Deus,
838 1704 871 1756 et
891 1693 984 1757 Pater
1007 1694 1142 1759 Domini

123 1777 243 1855 nostri,
274 1775 346 1842 totu
367 1775 502 1855 Christi,
531 1790 642 1843 euctor
662 1781 768 1866 pecie,
797 1791 832 1842 ut
852 1781 1024 1844 sanctificet
1045 1781 1142 1843 corda

68 1944 70 1951 y
124 1865 293 1939 omnium,
329 1884 391 1949 quo
416 1863 601 1947 adjuvante,
632 1865 736 1928 sanctu
758 1864 953 1950 synodoset
975 1888 1075 1944 nunc,
1109 1876 1144 1928 et

123 1953 251 2034 semper
279 1948 444 2025 meditari,
488 1970 523 2013 ac
552 1971 704 2036 peragere
732 1953 854 2030 valeat,
891 1964 971 2038 qnae
998 1950 1038 2015 ad
1073 1949 1142 2033 ejus

122 2035 253 2098 landem
275 2045 307 2097 et
329 2034 476 2116 gloriam·
491 2036 684 2122 pertineant.

433 2258 579 2326 SESSIO
601 2253 837 2337 VIGESIMA,

182 2348 185 2353 Ι
266 2398 279 2407 ““
312 2386 953 2464 quaeetquamtubnioly.1’out.1tnx.
1075 2428 1078 2433 .
1186 2430 1189 2437 .

274 2488 279 2534 .“
356 2478 930 2539 oalehratadie1V·JuniiM.D.LXII.'
1162 2490 1165 2497 ·

308 2614 500 2683 Decretum
516 2614 780 2706 prorogationie
800 2612 963 2708 seffioma
1010 2598 1032 2689 J

189 2724 392 2792 Secroiancta
425 2728 647 2806 oecumenica,
691 2739 725 2791 et
761 2726 922 2807 generalia
952 2720 1145 2789 Tridentino

124 2814 292 2895 synodon,
311 2813 347 2877 iu
371 2813 496 2899 Spiritu
517 2814 622 2877 iuncto
644 2811 791 2895 legitime
812 2820 1019 2893 congregata,
1047 2830 1169 2894 prae-.

125 2899 300 2975 fidentibus
320 2899 356 2962 in
379 2921 415 2962 ee
437 2898 558 2962 eisdem
579 2897 767 2984 apostolicae
795 2897 880 2962 sedis
900 2896 1033 2975 legatia,
1064 2916 1145 2980 pro·

88 3002 91 3007 ’
127 2997 202 3072 pter
236 2985 341 3047 variae
374 2983 597 3062 difficultates,
627 3005 684 3047 ex·
707 2984 840 3046 divertis
873 2982 970 3044 caufis
1004 2989 1145 3056 exortae,

127 3082 223 3157 atque
244 3070 342 3132 etiam
369 3081 403 3132 nt
417 3070 666 3150 congruentius,
693 3069 868 3154 majorique
889 3087 961 3129 cum
984 3064 1145 3128 delibera-

127 3156 351 3229 tionaomnia
378 3156 570 3242 procedent,
601 3175 717 3239 nempe
749 3164 785 3216 ut
812 3154 962 3234 dogmata
989 3170 1060 3214 curn
1090 3150 1145 3228 iia,

129 3261 209 3330 qaae
230 3240 270 3303 ad
293 3236 559 3304 reformationem
579 3244 738 3325 spectent,
769 3239 859 3301 limul
886 3247 1080 3314 tractentur,
1110 3246 1145 3298 at

128 3326 331 3403 sancientum
353 3346 409 3406 ea,
430 3347 511 3414 quae
531 3323 688 3389 statuenda
709 3323 925 3399 videbuntur,
947 3334 1012 3385 tam
1029 3320 1070 3392 de
1091 3341 1146 3383 re-

129 3407 342 3487 formatione,
373 3433 467 3500 quam
489 3411 528 3474 de
548 3410 749 3493 dogmatibus
769 3411 806 3472 in
826 3410 976 3496 proxima
1002 3407 1146 3483 seifione,

150 3519 224 3561 uam
248 3498 397 3560 omnibns
424 3497 541 3560 indicit
567 3498 603 3560 in
631 3497 716 3559 diem
745 3501 868 3560 [extem
894 3493 1049 3557 decimam
1070 3492 1146 3554 iub·

131 3518 290 3669 inquantie
311 3584 426 3646 rnanfia
447 3583 547 3658 tulii,
577 3581 757 3645 definienda
779 3580 843 3644 effe
872 3578 1032 3643 decrevit:
1072 3575 1145 3638 Hoc
1170 3568 1179 3597 ⁰

131 3678 235 3732 tamen
257 3666 378 3748 adjecto
393 3674 443 3745 ¹¹),
472 3666 559 3755 quod
588 3668 708 3731 dictum
738 3667 909 3731 terminum
938 3666 1008 3753 ipse
1040 3666 1146 3727 taneta

118 3836 121 3845 ¹
164 3841 191 3905 1)
209 3837 558 3894 iauctaeadd.11ord.—
593 3839 622 3905 2)
641 3840 758 3907 primam
778 3835 853 3892 Brix.

163 3950 194 4016 u)
209 3948 277 4008 Seii.
295 3952 346 4008 IX·
364 3957 393 4007 in
412 3952 462 4008 flu.
