2528 4522
365 201 472 320 nun
496 256 650 329 mosa
672 247 834 346 pavum
1023 263 1097 337 aaa

92 427 205 510 rendi,
225 439 259 498 et
278 428 486 518 aquibusvis
509 428 656 517 parionis
670 428 800 496 idoneis
814 449 875 516 pro
896 428 1003 518 pretio
1017 452 1099 500 con·

90 516 237 584 venienti
257 517 343 593 erni,
378 517 479 580 libere
511 527 544 579 et
564 517 653 582 licite
676 515 766 604 polle
786 520 976 582 auctoritate
996 518 1099 584 nostre

42 628 46 638 ·
90 614 216 683 curent,
247 603 416 678 nuncient,
442 599 622 666 'decernant
650 623 685 665 ac
707 601 886 681 declarent,
918 602 1017 688 p'rout
1037 624 1100 669 nus

90 689 204 758 herum
233 689 315 751 serie
347 685 549 764 nunciamus,
583 685 804 765 decernimus,
838 699 871 752 st
893 685 1101 757 declaramus.

88 774 162 838 Non
183 773 374 838 obstantibus
396 771 564 873 quibusvis
585 772 883 852 constitutionibus,
900 783 946 837 et
967 773 1100 837 ordina·
1191 851 1196 861 .

88 860 233 925 tionibus
252 857 453 943 apostolicas,
487 878 522 921 ac
550 859 838 945 poenitentiarius,
871 858 1101 940 securiacum,
1193 912 1195 917 ,

89 967 147 1009 nec
169 966 238 1008 non
257 943 465 1007 tribunalium
486 945 722 1030 praedictorum
750 943 891 1022 statutis,
912 955 983 1007 etc.
1002 944 1101 1009 etiam

47 1078 50 1083 -
87 1031 285 1113 juramento,
305 1038 366 1092 etc.
387 1028 565 1104 roboretis,
586 1029 773 1117 privilegiis
793 1049 931 1116 quoque,
953 1028 1102 1104 indultis,

88 1127 122 1179 et
151 1115 273 1178 litteris
302 1112 499 1199 apostolicis,
531 1114 623 1192 illis,
658 1137 694 1178 ac
725 1114 820 1177 dictis
850 1112 1040 1178 officialibus
1067 1127 1103 1179 et
1221 1148 1224 1157 ·

88 1200 301 1263 tribunalibus
320 1200 376 1262 l'ub
397 1199 645 1286 quibuscumque
660 1200 844 1278 tenoribus,
870 1209 902 1261 et
922 1193 1050 1278 formis,
1065 1220 1102 1263 sc

88 1307 163 1348 cum
184 1283 351 1371 quibusvis
370 1284 520 1347 clausulis
542 1295 575 1347 et
594 1285 743 1361 decretis,
763 1284 862 1349 etiem
884 1293 974 1347 motu
993 1284 1102 1362 fimili,

87 1381 151 1434 etc.
175 1381 208 1434 et
228 1370 309 1432 aliae
331 1367 628 1456 quomodocumque
648 1369 817 1446 conceffis,
849 1381 908 1432 etc.
972 1362 1104 1450 Quibus

89 1454 260 1534 omnibus,
283 1466 343 1519 etc.
363 1454 498 1516 illorum
517 1463 664 1533 tenores,
689 1454 759 1519 etc.
784 1454 934 1517 hectico
954 1453 1104 1519 letilfime

89 1540 298 1622 derogamus,
333 1558 433 1626 eaque
459 1535 608 1602 adversus
640 1536 808 1627 praemill‘a
831 1540 1015 1604 nullatenus
1034 1534 1105 1602 lui-

89 1620 210 1708 srsgari
238 1625 408 1701 uolumus:
438 1624 615 1710 ceterisque
644 1624 817 1690 contrariis
844 1623 1105 1712 quibuscumque.

390 1705 500 1771 Placet
519 1719 610 1773 motu
631 1709 768 1799 proprio
794 1706 824 1775 l.
977 1727 980 1733 ·

152 1787 274 1856 Datum
296 1788 419 1856 Romae
439 1791 524 1880 apud
552 1797 696 1861 sanctum
716 1794 878 1877 Murum,
906 1801 1019 1883 quarto
1040 1811 1106 1857 no-

90 1896 150 1941 trae
170 1872 321 1960 Augusti,
341 1892 435 1943 annai
448 1879 577 1967 quinto.

69 2088 321 2192 'nunna
352 2115 467 2241 an.
499 2115 619 2192 nn.
648 2111 749 2188 1³11
779 2110 1106 2190 unacurt.

199 2351 202 2357 ‚
246 2261 574 2334 aavocarurua
594 2263 955 2348 rmvnacroaun

91 2436 366 2526 exemptionum,
388 2436 675 2519 immunitatum,
695 2436 936 2528 facultatum,
968 2437 1111 2522 conser-

92 2523 328 2603 vatoriarum,
362 2521 598 2603 indultorum,
639 2523 951 2616 confeffionalt'um,
992 2523 1110 2591 Maria

94 2607 237 2696 magni,
269 2617 304 2671 et
335 2606 492 2681 aliarum
523 2630 814 2698 quarumcumque
824 2606 1000 2708 stmilium
1018 2630 1110 2696 gra·

96 2693 240 2772 tiorum,
261 2689 528 2791 quibuscumque
550 2692 634 2758 lucia
646 2704 680 2759 et
715 2693 847 2782 ersoma
858 2688 1090 2781 conceffiarum
1097 2714 1111 2769 3

52 2849 57 2864 .
95 2778 132 2842 in
145 2775 231 2857 ,him
260 2799 299 2842 tn
321 2773 445 2864 quibua
456 2775 606 2867 statutis
627 2787 663 2844 et
707 2778 830 2844 ecretia
850 2776 949 2860 sacri
969 2773 1112 2842 concilii

355 2859 560 2926 Tridentini
579 2863 857 2928 contrariantur.

99 3013 220 3084 Pius
241 3012 509 3105 Episcopus,
527 3014 650 3116 ferque
662 3017 848 3116 servorum
859 3015 941 3095 Dei,
962 3009 1011 3078 ad
1027 3030 1113 3100 per·
1179 2996 1186 3004 ’

281 3174 284 3179 ,
380 3111 525 3189 petuam
546 3123 598 3166 rer
617 3123 831 3168 memormm.

117 3206 121 3215 ¹
158 3219 200 3286 In
221 3220 380 3309 principis
399 3215 628 3306 Apostolorum
657 3220 750 3298 sede,
787 3217 913 3283 meritis
941 3214 1018 3280 licet
1045 3210 1114 3279 im·

98 3307 248 3394 paribus,
281 3309 394 3370 divina
429 3306 641 3392 dispofitione
670 3304 848 3380 constituti,
888 3300 976 3367 nihil
1008 3318 1113 3388 neque

98 3392 275 3456 unireriali
295 3392 458 3468 eccleiiee,
478 3409 571 3453 curse
592 3402 626 3453 et
645 3388 860 3455 sollicitudini
879 3388 1002 3452 nostrae
1022 3406 1115 3451 corrr-

99 3475 221 3556 millae,
239 3478 409 3554 salubrius,
430 3496 533 3562 neque
554 3476 697 3558 injuncto
719 3474 814 3538 nobis
835 3471 1114 3559 apostoliceeder·

99 3562 217 3626 vitutis
237 3562 346 3626 officio
368 3561 532 3626 decentius
552 3560 705 3645 praestare
718 3557 893 3646 poliemus,
912 3579 1006 3646 quam
1020 3553 1114 3702 1(pucati

123 3647 326 3711 recidentiae
347 3647 467 3709 nuiiree
487 3645 662 3709 ministerio
684 3646 922 3711 oecumenicum
942 3641 1029 3709 conc'
1047 3643 1114 3703 iurn

104 3732 353 3808 tridentinum,
385 3731 461 3793 ficut
481 3730 594 3794 nostris
615 3731 814 3816 potilfimum
834 3730 1008 3819 auspiciis,
1027 3729 1116 3788 lurn-

100 3838 217 3905 tneque
246 3819 426 3882 iunctorum
447 3827 574 3900 patr-um
604 3817 793 3893 concordia,
825 3837 884 3904 per
905 3814 968 3880 Dei
989 3806 1116 3874 miseri-

102 3905 245 3967 cordiam
277 3897 416 3965 feliciter
447 3901 624 3967 ablolutum
643 3897 729 3965 fuit:
760 3905 823 3980 ite,
850 3922 911 3987 per
940 3896 1117 3970 universos,

187 4000 235 4070 11.
845 3999 880 4086 Q
