2528 4522
19 236 25 247 ·
51 219 79 267 ='
165 235 243 311 ³12
395 217 490 321 epp.
514 223 542 299 t
566 166 617 295 aa
639 222 778 298 coner.
800 223 965 297 radent

168 407 391 487 continerent,
422 431 503 498 quaa
531 409 599 474 fine
629 406 754 474 delectu
781 412 821 473 ab
852 408 1002 473 omnibus
1028 405 1097 489 legi
1117 429 1187 474 non

167 495 338 582 expediat,
368 497 393 559 li
420 519 534 561 eorum
558 506 704 560 auctores
726 496 879 559 catholici
899 500 989 572 sunt,
1020 495 1187 581 postquam

167 577 496 662 emandatisuerunt,
527 583 677 670 permitti
704 583 741 645 ab
763 577 914 669 e'piscopo
944 593 977 643 et
995 581 1188 668 inquisitore

191 680 332 749 olerum.
611 712 613 717 -
1044 714 1048 725 ,

165 690 189 756 P
233 752 443 833 Vllamne,
471 752 529 840 qui
548 774 600 817 raa
621 752 754 819 lascivae
774 756 830 817 seu
851 752 1021 816 obscoenae
1041 772 1086 815 ex
1106 755 1189 838 pro-

167 836 251 904 talto
272 850 426 919 tractant,
457 851 609 918 narrant,
638 852 694 902 aut
718 838 834 902 docent
844 886 856 917 ‚
889 860 960 909 cum
991 860 1060 900 non
1079 842 1188 903 solum

167 925 265 999 fidei,
285 926 339 990 sed
362 938 395 989 et
408 942 553 1002 morum,
575 926 632 1012 qui
653 923 841 1011 hujusmodi
861 924 1019 987 librorum
1044 925 1190 988 lectione

167 1006 265 1076 facile
284 1011 450 1098 corrumpi
471 1013 587 1090 solent,
608 1012 690 1076 ratio
711 1010 856 1075 habenda
877 1009 923 1087 fit,
947 1009 1082 1072 omnino
1107 1032 1190 1095 pro·

166 1098 341 1174 bibentur-t
376 1109 410 1162 et
438 1098 494 1184 qui
526 1117 584 1161 eoe
611 1099 801 1173 habuerint,
832 1096 943 1160 severe
968 1098 1006 1157 ab
1026 1096 1191 1181 episcopie

167 1182 357 1271 puniantur.
399 1176 542 1270 Antiqui
562 1203 640 1248 varo
661 1185 700 1246 ab
725 1181 867 1250 ethnicia
888 1181 1078 1266 conscripti,
1108 1203 1192 1267 pro-

167 1280 241 1359 pter
260 1271 421 1334 sermonis
434 1268 625 1348 elegantiam
639 1280 672 1334 at
686 1269 922 1357 proprietatem
937 1269 1191 1352 permittuntur:

166 1355 262 1421 nulla
278 1366 388 1418 tamen
409 1356 535 1419 ratione
549 1356 665 1441 poeria
688 1353 895 1442 praelegendi
914 1363 1020 1416 erunt.
1061 1410 1066 1423 ,

234 1438 332 1503 VIII.
351 1438 466 1518 Libri,
497 1462 634 1527 qnorum
662 1441 843 1529 principale
870 1447 1095 1522 argumentum
1125 1437 1191 1500 bo·-

167 1547 246 1591 nnm
267 1525 325 1603 ott,
350 1527 395 1591 -in
422 1527 537 1674 pluibue
570 1537 677 1591 tamen
695 1529 813 1590 ‚obiter
841 1526 947 1611 alique
969 1528 1087 1599 inserta
1105 1521 1193 1601 sunt,

192 1632 249 1674 nae
270 1610 311 1674 ad
329 1612 426 1677 haere
440 1616 501 1688 'm,
528 1612 581 1675 seu
602 1613 823 1698 impietatem,
855 1610 1112 1684 divinationem,
1134 1613 1192 1672 seu

166 1632 1193 1867 statuariarr:‘austerrimus

167 1867 240 1936 lint.
294 1864 382 1931 Idem
404 1868 559 1953 judicium
574 1868 865 1956 littleprologie,
895 1867 1101 1944 surnrnariie,
1133 1870 1191 1929 seu

167 1953 449 2031 annotationibus,
468 1975 549 2040 quae
572 1975 591 2017 a
611 1953 772 2019 damnatis
791 1956 986 2030 auctoribus,
1003 1954 1098 2014 libria
1119 1974 1191 2016 non

168 2038 349 2118 damnatis,
371 2039 535 2125 appositae
554 2043 647 2105 sunt:
680 2041 735 2107 sed
754 2039 882 2130 poflbao
903 2061 972 2103 non
992 2037 1053 2102 nili
1075 2058 1192 2101 emen-

168 2124 238 2197 dati
255 2124 465 2188 excutiantur.
855 2147 859 2156 ¹
1213 2178 1216 2181 ,

228 2207 296 2274 ΙΧ.
324 2208 417 2274 Libri
452 2231 566 2274 omnea
599 2220 632 2275 et
661 2208 781 2298 scripta
800 2206 1029 2286 Geomantiae,
1059 2205 1192 2287 hydro-

167 2297 327 2373 mantiae,
348 2298 585 2373 aeromantiae,
608 2297 851 2383 pyromantiae,
873 2294 1091 2368 onomnntiae,
1114 2292 1191 2354 chi-

167 2383 366 2461 numantiae,
398 2384 656 2458 necromantiae,
688 2385 754 2448 live
785 2384 821 2445 in
844 2383 958 2468 quibua
978 2379 1190 2443 continentur

167 2469 352 2549 sortilegia,
386 2469 557 2544 beneficia,
589 2471 739 2550 auguria,
765 2469 923 2554 auspicia,
953 2465 1190 2529 incantationes

167 2553 246 2617 artie
267 2555 426 2634 magicae,
456 2556 587 2638 prorsus
610 2555 809 2637 rejiciuntur.
857 2551 1011 2637 Episcopi
1033 2572 1111 2614 vero
1134 2547 1190 2611 di-

167 2638 311 2719 ligenter
340 2637 555 2725 provideant,
595 2660 637 2703 na
669 2639 856 2719 astrologiae
885 2635 1069 2722 judiciariae
1099 2633 1191 2713 libri,

168 2734 335 2802 tractatus,
355 2722 479 2788 indicae
502 2724 650 2803 legantur
660 2771 673 2804 ,
693 2724 748 2789 rel
770 2725 962 2800 habeantur,
994 2725 1050 2810 qui
1071 2720 1111 2784 de
1132 2717 1188 2782 su-

167 2810 251 2874 turie
285 2809 562 2891 contingentibus,
597 2811 801 2887 successi-bue,
834 2807 1024 2873 fortuitisve
1060 2808 1189 2884 colibus,

167 2906 223 2959 ant
243 2894 287 2958 iia
310 2896 510 2972 actionibus,
531 2914 611 2981 quae
631 2898 669 2958 ab
692 2898 831 2960 humana
850 2896 1017 2958 voluntate
1035 2893 1191 2980 pendent,

59 3045 62 3054 ,
168 2981 248 3046 certi
259 2979 290 3064 4)
313 2964 434 3073 aliquid
460 2991 652 3046 eventurum
682 2980 841 3045 affirmare
862 2981 991 3044 audent.
1046 2980 1189 3043 Permit-

167 3076 408 3132 tunturautem
428 3065 563 3152 judicia,
586 3078 620 3131 et
639 3070 801 3132 naturales
826 3067 1083 3143 observationes,
1107 3084 1189 3151 quae

64 3149 71 3163 ‘
168 3154 406 3234 navigationie,
425 3153 654 3235 agriculturae,
681 3156 747 3220 live
768 3154 911 3218 medicae
931 3157 1009 3218 artie
1029 3150 1189 3236 juvandae

168 3239 271 3318 gratia
290 3241 471 3325 conscripta
490 3243 574 3304 sunt.
1216 3304 1221 3311 .

234 3322 285 3386 X.
305 3324 349 3390 ln‘
376 3327 567 3405 librorum‚=
591 3322 789 3412 aliarumque
800 3324 831 3407 1⁵)
863 3329 1090 3413 scripturarum
1119 3327 1188 3391 im-

47 3462 49 3467 ι
168 3409 329 3556 pressione
347 3416 508 3490 servetur,
535 3409 620 3498 quod
635 3415 664 3488 ο)
686 3411 723 3474 in
751 3414 889 3477 concilio
908 3414 1112 3479 Lateranenli
1132 3415 1189 3477 sub

197 3512 279 3557 eone
301 3494 350 3558 X.
378 3497 448 3562 sels.
471 3510 522 3569 10.
551 3497 698 3563 statutum
720 3499 769 3563 e'st.
822 3495 951 3582 Quare,
982 3503 1007 3563 ti
1037 3504 1073 3564 in
1103 3503 1188 3563 alma

169 3581 248 3645 arbe
268 3577 372 3646 Roma
387 3586 471 3649 liber
490 3583 610 3672 aliquia
629 3583 666 3647 fir
680 3582 926 3673 imprimendos,
946 3609 1005 3673 per
1029 3588 1188 3652 vicarium

174 3704 617 3723 Μ

177 3796 179 3801 -
198 3767 329 3828 ¹tt'certo
346 3767 447 3837 Horti„
469 3771 516 3828 Va.
533 3798 571 3815 -
589 3760 687 3839 'stre
701 3785 824 3838 proque
842 3766 916 3824 eard.
934 3778 963 3820 et
981 3768 1055 3842 clu'f.

186 3868 231 3938 το)
249 3873 315 3928 Viri.
334 3871 401 3928 Seli.
420 3875 470 3930 tv.
488 3878 519 3928 in
537 3876 611 3934 decr.
629 3878 663 3931 de
677 3830 865 3935 ediabflsu
887 3876 955 3934 sacr.
972 3877 1046 3935 libr„
1063 3889 1091 3932 et
1109 3879 1186 3934 Con-

203 3940 300 4000 tiitutt.
319 3963 356 4002 cx
373 3949 457 4018 antiq.
474 3947 535 4016 jure
554 3965 582 4018 p.
598 3953 662 4012 282.
950 3994 955 4002 .
