2528 4522
21 318 39 349 Ι

156 3715 209 3807 Pii
230 3739 333 3809 papae
356 3720 482 3813 quarti,
504 3742 589 3786 anno
612 3721 659 3787 V.

174 193 252 333 316
408 243 502 347 App.
527 247 576 321 II.
598 250 645 320 ad
669 236 817 322 Profett
841 246 954 322 Fidei.
1047 212 1054 225 .

171 431 388 510 Munalieriia,
417 429 660 509 conventibus,
688 431 867 512 Domibus,
900 444 934 497 et
955 432 1030 498 aliis
1053 433 1192 519 quibus-

172 543 306 607 cumque
318 521 400 583 lucia
413 519 608 599 regularium
620 540 889 609 quorumcumque
900 516 1068 597 ordinum,
1090 523 1191 585 etiam

170 606 383 683 Militiarum,
415 626 613 692 quocumque
635 608 779 685 nomine,
800 610 853 669 vel
874 607 970 669 titulo
993 608 1191 692 providebi-

170 704 240 768 tur,
272 692 360 755 idern
380 692 520 768 seruari,
551 702 584 752 et
610 691 650 755 ad
675 693 738 754 hoc
766 691 925 754 utruniua
946 692 1088 774 ejusdem
1109 692 1189 756 fidei

168 775 321 866 professio
341 773 548 840 uniformiter
568 778 606 838 ab
622 779 771 840 omnibus
792 777 999 850 exhibeatur,
1020 780 1189 863 uniceque,

99 849 106 875 “
130 936 134 951 ¹
169 874 203 929 et
224 875 309 926 certa
326 863 418 925 illius
439 857 545 924 forma
565 860 687 925 cunctis
708 865 905 938 innotescat,
933 863 1054 925 nollrae
1078 865 1190 926 solicit-

168 948 292 1012 tudinis
309 961 413 1033 partes
433 946 470 1009 in
487 948 550 1010 hoc
569 948 667 1010 alicui
687 943 822 1011 minime
842 946 1026 1026 desiderari,
1047 944 1206 1037 formam(

167 1035 273 1121 ipsam
300 1032 519 1120 praesentibus
552 1033 752 1111 adnotatam,
786 1034 959 1117 publicari,
1002 1045 1034 1097 et
1069 1036 1188 1120 ubique

167 1122 315 1203 gentium
336 1140 394 1206 per
415 1137 494 1195 eoa,-
521 1118 565 1180 ed
587 1134 669 1205 quoa
691 1117 893 1197 ex'decretia
912 1120 1010 1203 ipflua
1033 1116 1187 1198 concilii,

99 1236 101 1241 ·
167 1216 203 1271 et
221 1206 305 1270 elica
321 1198 504 1290 praedictos
518 1206 659 1290 spectat,
680 1201 798 1290 recipi,
818 1215 850 1267 et
872 1205 1052 1282 observari,
1074 1227 1109 1269 ac
1131 1210 1188 1270 sub
1242 1268 1246 1277 ,

169 1292 287 1395 paenis
310 1312 368 1376 per
389 1288 572 1354 Concilium
601 1288 706 1376 ipsim
738 1292 774 1358 iu
794 1291 1076 1353 contravenientes
1099 1292 1187 1371 latia,

166 1389 256 1463 Juxta
276 1378 376 1454 hanc,
406 1388 436 1447 et
456 1396 524 1439 non
546 1376 643 1445 aliam
664 1373 818 1453 sormam,
839 1371 1068 1462 professionem
1090 1380 1206 1461 praei

166 1463 285 1526 dictam
308 1460 497 1525 solemniter
524 1463 617 1539 sieri,
652 1463 841 1525 anctoritate
861 1458 1043 1545 Apostolica
1072 1473 1188 1526 tenore

166 1549 380 1634 praesentium
392 1546 528 1610 districte
539 1548 769 1633 praecipiendo
782 1547 979 1625 mandamus,
999 1547 1187 1630 hujusmodi

164 1637 221 1698 sub
242 1645 376 1697 tenore:

163 1715 242 1804 Ego
265 1714 315 1782 N.
326 1711 443 1801 firma
461 1706 536 1798 fide
556 1709 657 1775 credo
669 1753 788 1777 ......
800 1721 835 1776 et
854 1710 939 1778 staec
961 1711 1094 1780 Sancta
1118 1712 1187 1781 Dei

546 1794 647 1860 Euan
676 1794 805 1876 eliab).
1079 1841 1091 1851 -

441 1880 482 1951 (V
482 1880 522 1936 ltl.
539 1878 624 1950 supra
669 1872 818 1952 2113,oe
835 1880 907 1954 sqq.)

225 2007 390 2073 Volumus
418 2021 525 2076 autem
553 1999 844 2099 quotl·prtiesentes
866 2013 980 2075 literae
1001 2012 1037 2076 in
1059 2015 1186 2078 cancel·
1245 2047 1248 2050 ·

164 2095 245 2159 laria
267 2092 624 2183 noslraApellelica'tle.
635 2119 728 2179 cuore
747 2099 908 2180 legantur,
924 2110 969 2162 ,et
983 2109 1018 2161 ut
1034 2103 1184 2164 omnibus
1235 2160 1237 2165 .

162 2180 292 2245 facilius
325 2194 476 2268 pateant,
508 2185 545 2247 in
575 2181 642 2268 ejus
671 2184 845 2272 quinteruo
869 2185 1114 2264 describantur,
1149 2208 1183 2249 ac

162 2269 260 2333 eliam
283 2269 524 2354 imprimantur.
572 2314 575 2328 ‚

227 2354 319 2417 Nulli
340 2377 416 2440 ergo
448 2357 582 2418 omnino
606 2355 776 2418 huminum
805 2355 900 2418 liceat
930 2355 1012 2417 hanc
1032 2351 1184 2438 paginam

161 2440 284 2502 nostrae
308 2441 504 2516 voluntatis,
528 2453 561 2503 et
582 2437 944 2521 mandatiinfringere,
975 2441 1086 2501 velei
1108 2443 1183 2502 ausu

159 2523 332 2588 temerario
345 2528 518 2586 contraire.
561 2524 682 2610 Siquis
697 2537 804 2588 eutem
826 2529 888 2589 huc
911 2537 1068 2588 attentare
1088 2546 1183 2610 prae-

158 2608 350 2693 sumpserit,
373 2609 641 2691 indignationem
673 2614 911 2695 umnipetentia
935 2611 1016 2687 Dei,
1050 2631 1090 2677 ac
1108 2612 1184 2674 bea-

158 2705 267 2775 terum
297 2690 390 2757 Petri
415 2704 448 2756 et
475 2688 588 2773 Pauli,
623 2688 853 2783 Apostolorum
875 2696 963 2780 e'jus,
996 2697 1029 2760 se
1050 2697 1190 2761 noverit.

157 2777 370 2859 incursurum·
635 2852 650 2860 „

171 2864 191 2897 ·’
223 2856 599 2953 Datmeempe'apud
621 2860 764 2928 sanctum
785 2864 935 2944 Petrum,
968 2866 1053 2931 auno
1076 2863 1182 2928 incar-

160 2949 508 3037 natipnissluminicae
529 2950 699 3015 millesimo
714 2951 966 3038 quingentesimo
987 2953 1180 3034 sexagesimo

158 3051 282 3127 quarto,
303 3036 412 3103 idibus
425 3038 583 3123 Novemb.
623 3038 807 3100 ontificatua
830 3038 927 3101 nostri
941 3061 1035 3107 ‚anno
1054 3034 1181 3126 ¹quintu.

252 3114 257 3125 ¹
383 3185 386 3199 ,
412 3186 415 3191 ,
512 3120 584 3204 Ι198
610 3168 618 3187 .
640 3119 837 3209 cardinalia
861 3120 1008 3213 Cuestua.

174 3262 177 3269 -
282 3272 285 3277 .
475 3233 479 3242 ’
571 3264 576 3274 ,
869 3206 946 3273 Cae.
970 3205 1180 3275 Glorieriua.

158 3284 167 3363 s
220 3287 337 3365 Lectae
352 3299 385 3355 et
401 3287 580 3375 publicatae
592 3287 723 3356 fuerunt
733 3290 961 3379 suprascriptae
984 3290 1096 3357 literae
1108 3291 1180 3354 Ro-

84 3440 95 3453 ,
158 3393 240 3455 mae,
261 3377 297 3465 in
318 3376 508 3440 cancellarie
529 3372 724 3465 Apostolice,
746 3401 830 3442 anno
855 3379 1086 3464 iucarnationis
1107 3376 1181 3441 Do·

69 3508 73 3515 .
158 3460 296 3535 minicae
335 3463 506 3527 millesimo
541 3463 794 3555 quingentesimo
827 3468 1020 3548 sexagesimo
1055 3476 1178 3552 quarto,

156 3543 210 3608 die
230 3567 311 3615 ¹vero
334 3542 471 3625 sabbati,
497 3571 584 3631 none
604 3551 720 3617 mentis
741 3548 941 3628 Decembris,
972 3553 1179 3637 pontificatus

156 3632 342 3696 sanctissimi
363 3637 400 3696 in
421 3631 545 3697 Christo
568 3637 690 3721 petris,
709 3635 893 3723 etldurnini
915 3638 1028 3716 nollri,
1050 3630 1179 3701 donnini

596 3830 599 3837 ⁴
697 3801 746 3873 A.
769 3806 986 3897 Lemelliuue
999 3799 1134 3897 'Gustum

161 3908 607 3927 m

194 3965 223 4033 b)
242 3965 286 4022 Cs.
303 3969 423 4038 Gregur.
440 3968 523 4027 Dec'c.
540 3969 572 4025 L.
591 3972 625 4026 ll.
643 3917 686 4027 tit.
704 3946 755 4031 24ss
766 3977 837 4034 ost.
913 4018 916 4023 .
