2528 4522
180 279 258 354 em
347 224 352 240 ’
412 266 506 367 App.
527 267 577 341 11.
601 270 648 340 aa
672 265 819 340 noer.
837 266 950 339 aiae.

120 480 127 517 ,ι
183 457 331 523 ciuntur,
352 432 410 514 ita
432 461 521 532 grata
548 452 621 515 funt
641 450 733 531 Deo,
765 462 802 515 ut
828 450 879 517 eia
902 463 1064 540 tamquam
1085 447 1196 535 justam
1225 480 1228 486 ·

184 537 363 607 mercedem
382 536 484 599 vitam
503 539 657 602 retribuat
674 548 845 602 aeternam.

247 620 366 687 XVII.
386 620 596 691 Confirmatio
628 634 662 687 et
688 637 828 687 extrema
852 620 966 684 Unctio
990 619 1197 685 Sacramenta

184 713 258 774 Iunt
278 730 296 769 a
317 705 439 771 Christo
458 706 616 786 instituto,
639 708 692 773 fed
715 732 803 787 noo,
827 721 859 772 ut
879 707 943 769 dno
961 708 1197 791 praecedentia,

183 797 224 859 ad
244 795 376 857 sulutem
395 791 585 878 naceffaria3
605 814 647 857 ex
666 808 828 858 contemtu
839 806 946 857 tamen
961 793 1019 854 illa
1034 794 1198 870 omittere,

185 880 228 943 est
271 889 409 941 occatum
430 881 575 941 mortale.
698 876 706 891 ‘

183 1008 188 1015 -
287 962 387 1030 vlu..
403 960 442 1025 In
456 960 667 1026 Eucharistiae
686 965 881 1027 sacramento
903 961 944 1024 est
961 959 1067 1046 reipsa
1083 981 1197 1024 rerum

183 1069 239 1115 cor
264 1069 301 1112 ua
322 1047 459 1112 Domini
476 1050 575 1111 noiiri
595 1048 668 1112 Jesu
693 1046 831 1122 Christi,
860 1047 942 1109 illud
964 1047 1088 1131 ipsum,
1109 1047 1197 1134 quod

183 1132 231 1199 do.
282 1134 387 1215 irgine
408 1144 518 1197 natum
539 1134 598 1211 ed,
618 1145 651 1197 et
670 1133 708 1197 in
730 1154 819 1198 cruce
841 1131 962 1218 paffum
984 1131 1034 1194 est.

223 1217 356 1285 XIX.
374 1217 415 1283 In
439 1217 633 1283 Eucharifiia
661 1241 728 1282 non
760 1231 866 1282 manat
895 1218 987 1303 panIs
1016 1229 1047 1279 et
1069 1215 1198 1293 vInurn,

183 1301 238 1368 Ied
268 1305 346 1368 haec
376 1305 412 1366 in
441 1288 558 1390 cor'p‘uo
590 1316 623 1367 et
650 1305 837 1389 sanguinem
868 1300 983 1364 Christi
1011 1300 1198 1363 admirabili

183 1390 329 1474 potantia
354 1390 447 1453 verbi
468 1391 559 1454 illiue
584 1394 658 1454 sunt
685 1395 859 1465 conversa,
886 1389 1091 1451 manentibus
1122 1398 1199 1453 ten-

60 1524 63 1529 .
183 1484 253 1537 tum
274 1473 368 1560 panis
392 1476 526 1561 vinique
544 1476 723 1562 speciebus:
755 1476 839 1539 unde
868 1486 952 1537 certa
982 1473 1046 1534 fide
1078 1483 1199 1535 tenen-

182 1556 259 1622 dum
294 1558 353 1637 est,
381 1560 498 1622 sacram
526 1559 752 1623 Eucharistiam
781 1582 799 1621 u
825 1561 921 1623 nobie
953 1556 1098 1634 adorari,
1131 1559 1198 1620 five

181 1642 219 1705 iri
239 1642 352 1720 Mitto,
371 1644 438 1707 five
457 1656 549 1707 extra
568 1632 712 1720 Mittin,
747 1646 936 1730 ubicumque
966 1644 1103 1728 repofita
1122 1638 1200 1705 fue·

174 1726 243 1803 ¹rit,
275 1738 330 1788 aut
358 1726 485 1811 quoties
515 1728 551 1793 in
571 1728 859 1816 supplicationibus
889 1730 1026 1816 publicio
1049 1750 1069 1791 a
1091 1733 1198 1792 sucer-

134 1886 138 1895 ⁸
181 1809 259 1875 dote
283 1807 516 1875 ciccumsertur.

243 1891 334 1958 XX.
357 1895 429 1960 Non
451 1897 492 1960 est
511 1894 619 1960 Laicis
636 1893 806 1960 neceffaria
827 1896 865 1961 od
893 1897 1026 1960 [alutem
1048 1918 1199 1960 commu-

180 1977 239 2043 nio
260 1983 316 2044 sub
339 1992 472 2069 utraque
491 1983 615 2068 specie,
645 1981 791 2067 justisque
819 1983 860 2046 de
880 1984 975 2045 cautis
998 1985 1036 2044 ab
1058 1981 1198 2046 Ecclefia

180 2064 335 2130 sancitum
357 2067 414 2145 ott,
445 2077 482 2131 ut
507 2070 578 2130 illio
597 2069 654 2130 sub
674 2089 736 2130 una
758 2069 851 2153 punio
872 2079 995 2131 tantum
1017 2066 1123 2154 Ipecie
1144 2073 1198 2133 sa-

181 2161 377 2216 cramentum
400 2153 671 2229 communicetur,
707 2153 744 2217 in
790 2176 830 2217 uo
863 2176 988 2216 carnem
1008 2166 1040 2215 et
1061 2156 1197 2233 sangui-

180 2256 267 2310 nem,
288 2248 321 2299 at
345 2260 383 2301 ue
405 2238 450 2301 ita
470 2249 575 2303 totum
587 2237 753 2314 Christum,
766 2175 828 2303 dub
844 2262 904 2302 una
928 2241 1033 2324 specie
1054 2244 1197 2304 sumunt.

244 2259 348 2385 XXI.
381 2323 578 2388 Sacrificium
610 2323 722 2387 Missae
762 2346 805 2388 ex
845 2325 1043 2389 institutione
1077 2323 1197 2387 Chrilti

180 2413 245 2468 tam
267 2408 356 2470 vivia
379 2410 502 2493 prodest
524 2431 617 2495 quam
639 2408 817 2487 defunctIa,
847 2431 882 2473 ac
909 2411 987 2473 solie
1017 2410 1196 2472 sacerdoti-

180 2490 239 2552 bua
251 2491 421 2555 secundum
435 2492 589 2555 Eccletiae
607 2495 706 2557 ritum
722 2495 880 2559 ordinatis
893 2495 965 2558 data
985 2495 1024 2558 est
1038 2516 1055 2556 a
1067 2493 1194 2558 Christo

180 2575 316 2672 potestas
359 2578 563 2640 consecrandi
597 2599 708 2642 verum
748 2601 866 2666 corpus
899 2579 1013 2644 christi
1047 2592 1081 2644 et
1116 2581 1195 2644 san-

180 2677 321 2738 gumano.

243 2740 365 2805 XXII.
387 2740 631 2808 MatrImonium
662 2756 859 2814 contractum
887 2760 919 2814 et
939 2754 1194 2814 consummatum

179 2824 265 2890 inter
294 2826 488 2894 Christianos
519 2830 560 2893 est
589 2830 829 2909 indiffolubile,
865 2838 1104 2922 qualiacumque
1134 2837 1194 2898 fiat

179 2913 262 2977 alter
281 2915 469 3000 conjugum,
501 2917 568 2980 five
588 2917 734 2999 adulter,
764 2921 831 2986 Iire
857 2922 991 3001 sterilis,
1022 2923 1089 2984 five
1110 2921 1194 2984 hae-

179 3001 310 3066 roticue.

242 3082 380 3147 XXIII.
402 3082 580 3172 Numquam
598 3085 678 3152 ⁸licet
700 3084 899 3168 Christiano,
919 3090 986 3178 post
1008 3089 1191 3155 divortium

180 3172 369 3234 contrahere
391 3172 651 3251 matrimonium,
687 3173 821 3237 vivente
843 3197 899 3247 eo,
930 3199 1002 3242 cum
1030 3199 1094 3264 quo
1117 3180 1193 3264 quie

177 3252 325 3332 legitime
346 3267 558 3320 contraxerat.

150 3334 155 3343 '
243 3337 383 3403 XXIV.
405 3341 611 3404 Matrimonia
641 3349 802 3403 contracta
823 3351 935 3404 contra
959 3364 1095 3409 conones
1116 3345 1190 3432 ipsa

178 3416 367 3489 ditimenteo
386 3427 572 3512 fimpliciter
592 3427 664 3489 sunt
685 3427 777 3488 irrita
799 3429 951 3493 utnulla.

242 3506 366 3573 XXV.
388 3509 497 3575 Firma
532 3512 595 3575 fide
628 3511 800 3574 tenendum
832 3512 891 3589 est,
922 3534 1017 3577 unam
1051 3514 1115 3579 effe
1149 3517 1187 3581 in

176 3593 273 3656 terrie
297 3614 406 3660 veram
427 3611 521 3684 atque
542 3599 729 3660 catholicam
754 3595 867 3658 Christi
883 3595 1067 3678 Ecclesiam,
1098 3623 1189 3665 eam-

177 3698 238 3764 que
259 3679 433 3758 vifibil'ern,
466 3704 545 3768 quae
566 3685 605 3747 ab
625 3679 789 3768 ApostoIIa
810 3678 941 3747 fundata
967 3686 1003 3749 in
1026 3689 1108 3749 hanc
1131 3711 1187 3750 us-

176 3784 237 3848 que
271 3767 406 3831 nostram
436 3781 571 3834 aetatem
602 3767 795 3854 perdurans,
829 3771 947 3834 retinet
978 3782 1011 3835 et
1041 3774 1188 3858 suscipit,

175 3848 329 3936 quidquid
360 3851 398 3913 de
428 3850 491 3914 fide
520 3866 549 3916 et
581 3854 741 3936 religIone
769 3855 918 3932 tradidit,
951 3868 983 3920 et
1009 3859 1147 3922 traditur
1168 3884 1187 3920 a

173 3935 320 3999 cathedra
341 3936 449 4013 Petri,
469 3941 563 4023 super
584 3961 677 4025 quem
698 3940 743 4002 ita
764 3962 782 4003 a
806 3939 948 4015 Chrilio,
977 3946 1033 4007 suo
1055 3943 1184 4030 sponso,
