2528 4522
193 231 270 315 364
454 220 564 308 Bulla
582 224 622 297 in
645 246 760 297 coeno
778 224 942 299 Domini.

83 448 86 455 ·
193 414 311 488 linum,
331 407 537 475 sabinensem
551 403 610 486 55),
635 405 798 471 illerclriae
812 408 1051 488 Anconitauae,
1077 407 1209 487 Manu,

194 495 379 571 Trebariee,
400 491 644 571 Romundiolae,
661 491 853 579 Campaniae
872 496 1106 563 tet-maritimas
1127 519 1208 582 pro·

193 582 317 647 vincies
337 581 528 665 illarumque
557 589 656 642 terres
685 591 718 642 et
745 579 830 656 loce,
861 600 896 643 ac
927 591 1028 651 terrac
1055 583 1208 667 specialia

193 664 424 731 commistionis
444 660 699 749 Arnulpbomm,
720 659 1071 751 Civitateequenostrae
1091 667 1207 732 Bono·

193 754 301 826 niam,
331 747 517 822 Caesenam,
548 744 1013 824 Ariminurn„Beneventum,
1032 751 1208 831 Peculium,

193 835 394 900 Atinionem
408 830 474 912 ⁵⁶),
495 831 668 897 Civitatem
688 831 829 910 Castelli,
858 834 1053 914 Tudertum,
1089 836 1207 902 Ferra-

193 923 292 998 riam,
326 916 567 998 Gomaclum⁵⁷)
597 930 631 982 et
650 919 730 981 aliae
750 918 917 998 civitatee,
944 933 1041 983 terres
1072 932 1107 983 et
1128 924 1208 997 loce,

197 1006 339 1088 aelium
361 1004 400 1066 etl
420 1006 521 1090 ipsam
542 1003 720 1067 Rumonem
741 1005 899 1067 ecclefium
924 1005 1134 1090 pertinen-tie,
1155 1007 1207 1073 di-

193 1103 322 1177 ctaeque
342 1087 506 1153 Romanae
527 1090 672 1159 eccleliue
691 1087 830 1153 mediate
850 1091 905 1152 ael
927 1091 1115 1155 immediate
1134 1092 1209 1155 lub-

192 1177 293 1262 jecta,
324 1196 451 1239 necnon
470 1179 649 1259 supremum
668 1172 923 1255 jurisdictionem
944 1175 981 1238 in
1000 1176 1084 1253 illie,
1103 1176 1208 1243 Nobis

194 1275 226 1326 et
256 1259 363 1325 eidem
389 1259 554 1323 Romanae
585 1259 728 1322 ecclefiee
757 1272 1007 1346 competentem,
1048 1261 1091 1324 de
1122 1258 1208 1327 facto

193 1351 363 1431 usurpare,
397 1348 598 1431 perturbare,
628 1343 767 1406 retinere
800 1356 833 1409 et
862 1366 980 1410 vexere
1011 1347 1113 1412 variis
1135 1368 1209 1411 mo-

194 1428 245 1495 dio
265 1433 477 1515 praesumunt,
497 1450 622 1495 necnon
645 1427 873 1509 adhaerentes,
901 1428 1062 1508 fautores,
1096 1442 1129 1495 et
1151 1432 1210 1495 de-

194 1511 339 1580 lenloreo
365 1537 487 1591 eorum,
506 1519 560 1579 leu
583 1513 654 1576 illis
671 1513 852 1593 auxilium,
887 1515 1053 1580 confilium
1083 1517 1137 1583 vel
1158 1514 1208 1581 fa-

196 1621 310 1666 vorem
329 1600 571 1684 quomodolibet
592 1598 788 1683 praebantur.
1097 1666 1100 1671 ,
1121 1660 1125 1669 ,

258 1684 417 1748 Volentee
446 1689 626 1771 praesenter
654 1682 777 1747 nostroe
806 1680 966 1769 procellos
986 1703 1023 1745 ec
1044 1684 1155 1749 omnia
1175 1696 1210 1749 et

195 1789 408 1855 quaecumque
433 1770 485 1832 lrie
506 1769 610 1830 literis
634 1779 804 1841 contente,
825 1789 989 1854 quousque
1011 1768 1070 1840 alii
1095 1763 1209 1866 hujuc-

196 1851 286 1916 modi
320 1853 481 1937 puocess'ue
517 1875 534 1915 a
563 1850 663 1915 Nobis
695 1861 750 1923 aut
775 1849 922 1915 Romano
953 1853 1113 1919 l'ontilice
1150 1878 1207 1942 pro

195 1949 342 2023 tempore
371 1939 522 2003 exiliente
548 1938 628 1999 fiant
653 1947 707 1999 eut
727 1936 945 2025 publicentur,
980 1937 1094 2003 durare
1115 1944 1209 2004 luce·

196 2026 267 2110 que'
278 2020 408 2085 effectus
427 2023 564 2087 omnino¹
582 2020 702 2083 sortiri.

262 2104 410 2170 Ceterum
431 2128 448 2170 a
472 2104 645 2192 praedictio
669 2102 837 2171 sententiis
865 2104 976 2168 nullus
1008 2126 1070 2191 per
1100 2106 1208 2185 alium,

197 2212 292 2279 quem
313 2190 560 2277 perRomanom
577 2186 777 2270 Pontificem,
796 2189 856 2251 nili
876 2190 912 2252 in
924 2193 1050 2254 'mortis
1067 2193 1207 2254 articulo

196 2278 399 2356 constitutus,
430 2299 488 2342 nec
516 2278 614 2341 etium
641 2286 737 2353 tunc,
766 2274 828 2338 nili
855 2273 894 2337 de
920 2274 1026 2338 [lando
1054 2273 1209 2340 Eccleliue

197 2362 355 2424 mandatio
393 2374 425 2425 et
455 2357 676 2426 satisfaciendo
706 2360 854 2422 cautione
884 2361 1047 2446 praestita,
1074 2363 1209 2426 ¹absolvi

197 2447 418 2534 pollit,etia1n
440 2458 606 2533 praetextu
628 2445 813 2530 quorumvis
833 2440 1020 2509 facultatum
1042 2456 1074 2508 et
1098 2446 1209 2509 indul-

195 2543 321 2606 torum,
350 2533 597 2619 quibuscumque
610 2527 656 2609 5-⁸)
677 2527 912 2606 Eccleliallicie,
938 2530 1153 2594 saecularibus
1176 2542 1209 2595 et

196 2619 385 2702 quorumvis
407 2615 577 2691 ordinum,
614 2615 711 2676 etiam
732 2613 983 2679 Mendicantium
1013 2638 1046 2677 ec
1068 2616 1210 2678 Militia-

196 2723 267 2762 rum
281 2699 336 2780 59),
368 2700 584 2781 regularibus,
605 2699 701 2762 etiam
724 2699 896 2783 episcopali
910 2695 957 2778 60)
978 2703 1033 2765 vel
1048 2702 1120 2762 'alia
1141 2724 1210 2764 ma-

194 2786 259 2868 jori
291 2786 447 2867 dignitate
477 2783 651 2871 praeditis,
681 2785 819 2872 ipsisque
841 2781 1014 2849 Ordinibus
1042 2797 1208 2849 eteorum

196 2869 417 2951 lllonesteriia,
457 2868 673 2933 Conventibue
718 2880 749 2930 et
782 2869 938 2931 Domibus
970 2869 1208 2956 accepitulis,

197 2953 374 3035 Collegiis,
406 2952 744 3030 confraternitatibus‚
776 2952 1100 3034 congregationibus,
1136 2957 1208 3019 llo-

195 3042 363 3125 spitalibus
391 3052 423 3103 et
451 3041 532 3103 lucie
558 3041 644 3124 piis,
676 3060 800 3101 necnon
822 3039 941 3117 Laicis,
977 3043 1073 3103 etin'm
1099 3040 1210 3127 Impe-

196 3129 290 3202 riali,
322 3126 437 3206 Regali
462 3135 494 3187 et
523 3127 586 3186 alia
608 3123 766 3186 mundana
787 3127 977 3188 excellentia
999 3123 1210 3206 fulgentibus,

196 3231 255 3294 per
272 3232 331 3274 noe
353 3222 385 3274 et
404 3211 521 3272 dictem
545 3208 660 3272 Sedem
685 3230 720 3271 eo
741 3210 880 3291 cujusvis
902 3209 1210 3286 Concilii'Decreta,

196 3297 307 3372 verbo,
329 3298 452 3371 literis,
485 3305 538 3356 eat
560 3295 623 3357 alie
641 3314 839 3380 quecumque
859 3295 1018 3381 scriptur-u
1034 3298 1069 3359 iu
1092 3319 1209 3374 genere

198 3389 231 3439 et
244 3377 287 3456 61)
308 3381 344 3443 in
363 3383 467 3466 specie
487 3378 701 3443 concellorurn
720 3391 754 3442 et
769 3381 998 3446 innovatorum
1018 3379 1210 3465 ac·⁶²)con-

199 3464 412 3528 cedendorum
433 3477 465 3527 et
487 3463 531 3549 65)
544 3467 812 3530 innovandorum.
1084 3522 1087 3531 .

261 3545 360 3631 Quod
386 3552 410 3612 fi
439 3546 525 3613 forte
556 3552 656 3638 aliqui
679 3564 788 3615 contra
815 3559 959 3614 tenorem
990 3554 1208 3637 praesentium

199 3664 677 3703 .....-—a-..-..—....l..

233 3765 279 3829 55)
298 3761 462 3817 Sabiuenfie.
480 3791 514 3807 ·-
558 3771 604 3835 56)
623 3773 801 3826 duernionem.
825 3800 859 3812 —
904 3775 950 3838 57)
961 3771 1157 3825 comachium.
1176 3792 1209 3837 -ὴ

233 3838 279 3901 58)
305 3834 428 3902 personis
453 3835 516 3890 add·
539 3866 574 3878 —-
628 3843 673 3906 59)
700 3843 872 3899 llliliterium.
900 3869 935 3886 -
991 3847 1038 3908 60)
1062 3844 1211 3913 episcopie.

120 3995 122 4001 y
235 3935 270 3946 ···
304 3910 350 3974 61)
369 3909 422 3965 l0l·
444 3933 475 3947 ··
510 3911 556 3973 62)
577 3924 633 3964 unt.
652 3940 702 3966 -,
723 3915 769 3978 03)
788 3927 843 3967 unt.
